%YAML 1.1
%TAG !u! tag:unity3d.com,2011:
--- !u!1 &4758869408444369589
GameObject:
  m_ObjectHideFlags: 0
  m_CorrespondingSourceObject: {fileID: 0}
  m_PrefabInstance: {fileID: 0}
  m_PrefabAsset: {fileID: 0}
  serializedVersion: 6
  m_Component:
  - component: {fileID: 8919954781074245184}
  - component: {fileID: 3390958932883479919}
  - component: {fileID: 7619127431408832922}
  - component: {fileID: 6033062192447111944}
  m_Layer: 0
  m_Name: Colliders
  m_TagString: Untagged
  m_Icon: {fileID: 0}
  m_NavMeshLayer: 0
  m_StaticEditorFlags: 0
  m_IsActive: 1
--- !u!4 &8919954781074245184
Transform:
  m_ObjectHideFlags: 0
  m_CorrespondingSourceObject: {fileID: 0}
  m_PrefabInstance: {fileID: 0}
  m_PrefabAsset: {fileID: 0}
  m_GameObject: {fileID: 4758869408444369589}
  m_LocalRotation: {x: 0, y: 0, z: 0, w: 1}
  m_LocalPosition: {x: 0, y: 0, z: 0}
  m_LocalScale: {x: 1, y: 1, z: 1}
  m_Children: []
  m_Father: {fileID: 7011875064766421713}
  m_RootOrder: 2
  m_LocalEulerAnglesHint: {x: 0, y: 0, z: 0}
--- !u!65 &3390958932883479919
BoxCollider:
  m_ObjectHideFlags: 0
  m_CorrespondingSourceObject: {fileID: 0}
  m_PrefabInstance: {fileID: 0}
  m_PrefabAsset: {fileID: 0}
  m_GameObject: {fileID: 4758869408444369589}
  m_Material: {fileID: 0}
  m_IsTrigger: 0
  m_Enabled: 1
  serializedVersion: 2
  m_Size: {x: 8.158397, y: 8.262141, z: 0.2532091}
  m_Center: {x: -1.5302368, y: 0.025923247, z: -4.1395073}
--- !u!65 &7619127431408832922
BoxCollider:
  m_ObjectHideFlags: 0
  m_CorrespondingSourceObject: {fileID: 0}
  m_PrefabInstance: {fileID: 0}
  m_PrefabAsset: {fileID: 0}
  m_GameObject: {fileID: 4758869408444369589}
  m_Material: {fileID: 0}
  m_IsTrigger: 0
  m_Enabled: 1
  serializedVersion: 2
  m_Size: {x: 8.305507, y: 8.262141, z: 0.2532091}
  m_Center: {x: -1.5601288, y: 0.025923247, z: 4.08}
--- !u!65 &6033062192447111944
BoxCollider:
  m_ObjectHideFlags: 0
  m_CorrespondingSourceObject: {fileID: 0}
  m_PrefabInstance: {fileID: 0}
  m_PrefabAsset: {fileID: 0}
  m_GameObject: {fileID: 4758869408444369589}
  m_Material: {fileID: 0}
  m_IsTrigger: 0
  m_Enabled: 1
  serializedVersion: 2
  m_Size: {x: 8.158389, y: 0.27374256, z: 8.469631}
  m_Center: {x: -1.5302402, y: 4.071973, z: -0.025936127}
--- !u!1 &7979893933965722568
GameObject:
  m_ObjectHideFlags: 0
  m_CorrespondingSourceObject: {fileID: 0}
  m_PrefabInstance: {fileID: 0}
  m_PrefabAsset: {fileID: 0}
  serializedVersion: 6
  m_Component:
  - component: {fileID: 7011875064766421713}
  m_Layer: 0
  m_Name: Glass3
  m_TagString: Untagged
  m_Icon: {fileID: 0}
  m_NavMeshLayer: 0
  m_StaticEditorFlags: 0
  m_IsActive: 1
--- !u!4 &7011875064766421713
Transform:
  m_ObjectHideFlags: 0
  m_CorrespondingSourceObject: {fileID: 0}
  m_PrefabInstance: {fileID: 0}
  m_PrefabAsset: {fileID: 0}
  m_GameObject: {fileID: 7979893933965722568}
  m_LocalRotation: {x: 0, y: 0, z: 0, w: 1}
  m_LocalPosition: {x: 0, y: 0, z: 0}
  m_LocalScale: {x: 1, y: 1, z: 1}
  m_Children:
  - {fileID: 442446265257700275}
  - {fileID: 4501378367781042139}
  - {fileID: 8919954781074245184}
  m_Father: {fileID: 0}
  m_RootOrder: 0
  m_LocalEulerAnglesHint: {x: 0, y: 0, z: 0}
--- !u!1001 &119727976255278168
PrefabInstance:
  m_ObjectHideFlags: 0
  serializedVersion: 2
  m_Modification:
    m_TransformParent: {fileID: 7011875064766421713}
    m_Modifications:
    - target: {fileID: -8679921383154817045, guid: 7e3b0872af37cb941a86515b3d92fbe5, type: 3}
      propertyPath: m_RootOrder
      value: 0
      objectReference: {fileID: 0}
    - target: {fileID: -8679921383154817045, guid: 7e3b0872af37cb941a86515b3d92fbe5, type: 3}
      propertyPath: m_LocalPosition.x
      value: 0
      objectReference: {fileID: 0}
    - target: {fileID: -8679921383154817045, guid: 7e3b0872af37cb941a86515b3d92fbe5, type: 3}
      propertyPath: m_LocalPosition.y
      value: 0
      objectReference: {fileID: 0}
    - target: {fileID: -8679921383154817045, guid: 7e3b0872af37cb941a86515b3d92fbe5, type: 3}
      propertyPath: m_LocalPosition.z
      value: 0
      objectReference: {fileID: 0}
    - target: {fileID: -8679921383154817045, guid: 7e3b0872af37cb941a86515b3d92fbe5, type: 3}
      propertyPath: m_LocalRotation.w
      value: 1
      objectReference: {fileID: 0}
    - target: {fileID: -8679921383154817045, guid: 7e3b0872af37cb941a86515b3d92fbe5, type: 3}
      propertyPath: m_LocalRotation.x
      value: -0
      objectReference: {fileID: 0}
    - target: {fileID: -8679921383154817045, guid: 7e3b0872af37cb941a86515b3d92fbe5, type: 3}
      propertyPath: m_LocalRotation.y
      value: -0
      objectReference: {fileID: 0}
    - target: {fileID: -8679921383154817045, guid: 7e3b0872af37cb941a86515b3d92fbe5, type: 3}
      propertyPath: m_LocalRotation.z
      value: -0
      objectReference: {fileID: 0}
    - target: {fileID: -8679921383154817045, guid: 7e3b0872af37cb941a86515b3d92fbe5, type: 3}
      propertyPath: m_LocalEulerAnglesHint.x
      value: 0
      objectReference: {fileID: 0}
    - target: {fileID: -8679921383154817045, guid: 7e3b0872af37cb941a86515b3d92fbe5, type: 3}
      propertyPath: m_LocalEulerAnglesHint.y
      value: 0
      objectReference: {fileID: 0}
    - target: {fileID: -8679921383154817045, guid: 7e3b0872af37cb941a86515b3d92fbe5, type: 3}
      propertyPath: m_LocalEulerAnglesHint.z
      value: 0
      objectReference: {fileID: 0}
    - target: {fileID: -7635826562936255635, guid: 7e3b0872af37cb941a86515b3d92fbe5, type: 3}
      propertyPath: m_Materials.Array.data[0]
      value: 
      objectReference: {fileID: 2100000, guid: 612b988926a58a142be3abbf586d3280, type: 2}
    - target: {fileID: 919132149155446097, guid: 7e3b0872af37cb941a86515b3d92fbe5, type: 3}
      propertyPath: m_Name
      value: glasss3
      objectReference: {fileID: 0}
    m_RemovedComponents: []
  m_SourcePrefab: {fileID: 100100000, guid: 7e3b0872af37cb941a86515b3d92fbe5, type: 3}
--- !u!4 &442446265257700275 stripped
Transform:
  m_CorrespondingSourceObject: {fileID: -8679921383154817045, guid: 7e3b0872af37cb941a86515b3d92fbe5, type: 3}
  m_PrefabInstance: {fileID: 119727976255278168}
  m_PrefabAsset: {fileID: 0}
--- !u!1001 &4175578732016832560
PrefabInstance:
  m_ObjectHideFlags: 0
  serializedVersion: 2
  m_Modification:
    m_TransformParent: {fileID: 7011875064766421713}
    m_Modifications:
    - target: {fileID: -8679921383154817045, guid: 57daea79e761063429d7e7c95a8fed50, type: 3}
      propertyPath: m_RootOrder
      value: 1
      objectReference: {fileID: 0}
    - target: {fileID: -8679921383154817045, guid: 57daea79e761063429d7e7c95a8fed50, type: 3}
      propertyPath: m_LocalPosition.x
      value: 0
      objectReference: {fileID: 0}
    - target: {fileID: -8679921383154817045, guid: 57daea79e761063429d7e7c95a8fed50, type: 3}
      propertyPath: m_LocalPosition.y
      value: 0
      objectReference: {fileID: 0}
    - target: {fileID: -8679921383154817045, guid: 57daea79e761063429d7e7c95a8fed50, type: 3}
      propertyPath: m_LocalPosition.z
      value: 0
      objectReference: {fileID: 0}
    - target: {fileID: -8679921383154817045, guid: 57daea79e761063429d7e7c95a8fed50, type: 3}
      propertyPath: m_LocalRotation.w
      value: 1
      objectReference: {fileID: 0}
    - target: {fileID: -8679921383154817045, guid: 57daea79e761063429d7e7c95a8fed50, type: 3}
      propertyPath: m_LocalRotation.x
      value: -0
      objectReference: {fileID: 0}
    - target: {fileID: -8679921383154817045, guid: 57daea79e761063429d7e7c95a8fed50, type: 3}
      propertyPath: m_LocalRotation.y
      value: -0
      objectReference: {fileID: 0}
    - target: {fileID: -8679921383154817045, guid: 57daea79e761063429d7e7c95a8fed50, type: 3}
      propertyPath: m_LocalRotation.z
      value: -0
      objectReference: {fileID: 0}
    - target: {fileID: -8679921383154817045, guid: 57daea79e761063429d7e7c95a8fed50, type: 3}
      propertyPath: m_LocalEulerAnglesHint.x
      value: 0
      objectReference: {fileID: 0}
    - target: {fileID: -8679921383154817045, guid: 57daea79e761063429d7e7c95a8fed50, type: 3}
      propertyPath: m_LocalEulerAnglesHint.y
      value: 0
      objectReference: {fileID: 0}
    - target: {fileID: -8679921383154817045, guid: 57daea79e761063429d7e7c95a8fed50, type: 3}
      propertyPath: m_LocalEulerAnglesHint.z
      value: 0
      objectReference: {fileID: 0}
    - target: {fileID: -7635826562936255635, guid: 57daea79e761063429d7e7c95a8fed50, type: 3}
      propertyPath: m_Materials.Array.data[0]
      value: 
      objectReference: {fileID: 2100000, guid: 8a903ca38d156974bb330c575050eed8, type: 2}
    - target: {fileID: 919132149155446097, guid: 57daea79e761063429d7e7c95a8fed50, type: 3}
      propertyPath: m_Name
      value: glasss3_2
      objectReference: {fileID: 0}
    m_RemovedComponents: []
  m_SourcePrefab: {fileID: 100100000, guid: 57daea79e761063429d7e7c95a8fed50, type: 3}
--- !u!4 &4501378367781042139 stripped
Transform:
  m_CorrespondingSourceObject: {fileID: -8679921383154817045, guid: 57daea79e761063429d7e7c95a8fed50, type: 3}
  m_PrefabInstance: {fileID: 4175578732016832560}
  m_PrefabAsset: {fileID: 0}
