%YAML 1.1
%TAG !u! tag:unity3d.com,2011:
--- !u!1 &2977943044114749441
GameObject:
  m_ObjectHideFlags: 0
  m_CorrespondingSourceObject: {fileID: 0}
  m_PrefabInstance: {fileID: 0}
  m_PrefabAsset: {fileID: 0}
  serializedVersion: 6
  m_Component:
  - component: {fileID: 2977943044114449441}
  m_Layer: 0
  m_Name: B-hips
  m_TagString: Untagged
  m_Icon: {fileID: 0}
  m_NavMeshLayer: 0
  m_StaticEditorFlags: 0
  m_IsActive: 1
--- !u!4 &2977943044114449441
Transform:
  m_ObjectHideFlags: 0
  m_CorrespondingSourceObject: {fileID: 0}
  m_PrefabInstance: {fileID: 0}
  m_PrefabAsset: {fileID: 0}
  m_GameObject: {fileID: 2977943044114749441}
  m_LocalRotation: {x: 0.009049772, y: 0.009049771, z: -0.70704883, w: 0.7070489}
  m_LocalPosition: {x: -0, y: 0.8876177, z: -0.043739915}
  m_LocalScale: {x: 1, y: 1, z: 1}
  m_Children:
  - {fileID: 2977943044114449469}
  - {fileID: 2977943044114449845}
  - {fileID: 2977943044114449847}
  m_Father: {fileID: 2977943044114449433}
  m_RootOrder: 0
  m_LocalEulerAnglesHint: {x: 0, y: 0, z: 0}
--- !u!1 &2977943044114749443
GameObject:
  m_ObjectHideFlags: 0
  m_CorrespondingSourceObject: {fileID: 0}
  m_PrefabInstance: {fileID: 0}
  m_PrefabAsset: {fileID: 0}
  serializedVersion: 6
  m_Component:
  - component: {fileID: 2977943044114449443}
  m_Layer: 0
  m_Name: B-neck
  m_TagString: Untagged
  m_Icon: {fileID: 0}
  m_NavMeshLayer: 0
  m_StaticEditorFlags: 0
  m_IsActive: 1
--- !u!4 &2977943044114449443
Transform:
  m_ObjectHideFlags: 0
  m_CorrespondingSourceObject: {fileID: 0}
  m_PrefabInstance: {fileID: 0}
  m_PrefabAsset: {fileID: 0}
  m_GameObject: {fileID: 2977943044114749443}
  m_LocalRotation: {x: 0.000000007970634, y: 0.105574235, z: 6.808396e-17, w: 0.99441147}
  m_LocalPosition: {x: -0.20827699, y: 0.00000001572447, z: 0}
  m_LocalScale: {x: 1, y: 1, z: 1}
  m_Children:
  - {fileID: 2977943044114449503}
  m_Father: {fileID: 2977943044114449431}
  m_RootOrder: 0
  m_LocalEulerAnglesHint: {x: 0, y: 0, z: 0}
--- !u!1 &2977943044114749469
GameObject:
  m_ObjectHideFlags: 0
  m_CorrespondingSourceObject: {fileID: 0}
  m_PrefabInstance: {fileID: 0}
  m_PrefabAsset: {fileID: 0}
  serializedVersion: 6
  m_Component:
  - component: {fileID: 2977943044114449469}
  m_Layer: 0
  m_Name: B-spine
  m_TagString: Untagged
  m_Icon: {fileID: 0}
  m_NavMeshLayer: 0
  m_StaticEditorFlags: 0
  m_IsActive: 1
--- !u!4 &2977943044114449469
Transform:
  m_ObjectHideFlags: 0
  m_CorrespondingSourceObject: {fileID: 0}
  m_PrefabInstance: {fileID: 0}
  m_PrefabAsset: {fileID: 0}
  m_GameObject: {fileID: 2977943044114749469}
  m_LocalRotation: {x: 0.000000002774319, y: 0.03674698, z: -1.0314099e-17, w: 0.9993246}
  m_LocalPosition: {x: -0.1799141, y: 0.000000013583137, z: 0}
  m_LocalScale: {x: 0.99999994, y: 1, z: 0.99999994}
  m_Children:
  - {fileID: 2977943044114449505}
  m_Father: {fileID: 2977943044114449441}
  m_RootOrder: 0
  m_LocalEulerAnglesHint: {x: 0, y: 0, z: 0}
--- !u!1 &2977943044114749503
GameObject:
  m_ObjectHideFlags: 0
  m_CorrespondingSourceObject: {fileID: 0}
  m_PrefabInstance: {fileID: 0}
  m_PrefabAsset: {fileID: 0}
  serializedVersion: 6
  m_Component:
  - component: {fileID: 2977943044114449503}
  m_Layer: 0
  m_Name: B-head
  m_TagString: Untagged
  m_Icon: {fileID: 0}
  m_NavMeshLayer: 0
  m_StaticEditorFlags: 0
  m_IsActive: 1
--- !u!4 &2977943044114449503
Transform:
  m_ObjectHideFlags: 0
  m_CorrespondingSourceObject: {fileID: 0}
  m_PrefabInstance: {fileID: 0}
  m_PrefabAsset: {fileID: 0}
  m_GameObject: {fileID: 2977943044114749503}
  m_LocalRotation: {x: -0.0000000047095234, y: -0.06237953, z: -1.7493289e-15, w: 0.9980525}
  m_LocalPosition: {x: -0.06813276, y: 0.0000000051438835, z: -0.0000000023841857}
  m_LocalScale: {x: 0.99999994, y: 1, z: 1}
  m_Children: []
  m_Father: {fileID: 2977943044114449443}
  m_RootOrder: 0
  m_LocalEulerAnglesHint: {x: 0, y: 0, z: 0}
--- !u!1 &2977943044114749505
GameObject:
  m_ObjectHideFlags: 0
  m_CorrespondingSourceObject: {fileID: 0}
  m_PrefabInstance: {fileID: 0}
  m_PrefabAsset: {fileID: 0}
  serializedVersion: 6
  m_Component:
  - component: {fileID: 2977943044114449505}
  m_Layer: 0
  m_Name: B-chest
  m_TagString: Untagged
  m_Icon: {fileID: 0}
  m_NavMeshLayer: 0
  m_StaticEditorFlags: 0
  m_IsActive: 1
--- !u!4 &2977943044114449505
Transform:
  m_ObjectHideFlags: 0
  m_CorrespondingSourceObject: {fileID: 0}
  m_PrefabInstance: {fileID: 0}
  m_PrefabAsset: {fileID: 0}
  m_GameObject: {fileID: 2977943044114749505}
  m_LocalRotation: {x: -0.0000000073870416, y: -0.097844325, z: -1.7868113e-15, w: 0.99520177}
  m_LocalPosition: {x: -0.15047424, y: 0.00000001136049, z: 0.0000000047683715}
  m_LocalScale: {x: 1, y: 1, z: 1}
  m_Children:
  - {fileID: 2977943044114449431}
  m_Father: {fileID: 2977943044114449469}
  m_RootOrder: 0
  m_LocalEulerAnglesHint: {x: 0, y: 0, z: 0}
--- !u!1 &2977943044114749793
GameObject:
  m_ObjectHideFlags: 0
  m_CorrespondingSourceObject: {fileID: 0}
  m_PrefabInstance: {fileID: 0}
  m_PrefabAsset: {fileID: 0}
  serializedVersion: 6
  m_Component:
  - component: {fileID: 2977943044114449793}
  m_Layer: 0
  m_Name: B-thumb_03_L
  m_TagString: Untagged
  m_Icon: {fileID: 0}
  m_NavMeshLayer: 0
  m_StaticEditorFlags: 0
  m_IsActive: 1
--- !u!4 &2977943044114449793
Transform:
  m_ObjectHideFlags: 0
  m_CorrespondingSourceObject: {fileID: 0}
  m_PrefabInstance: {fileID: 0}
  m_PrefabAsset: {fileID: 0}
  m_GameObject: {fileID: 2977943044114749793}
  m_LocalRotation: {x: -0.008187744, y: -0.032515395, z: -0.015720004, w: 0.99931407}
  m_LocalPosition: {x: -0.047159098, y: 0.000000011920928, z: -0.0000001001358}
  m_LocalScale: {x: 1.0000001, y: 1, z: 1.0000002}
  m_Children: []
  m_Father: {fileID: 2977943044114449853}
  m_RootOrder: 0
  m_LocalEulerAnglesHint: {x: 0, y: 0, z: 0}
--- !u!1 &2977943044114749795
GameObject:
  m_ObjectHideFlags: 0
  m_CorrespondingSourceObject: {fileID: 0}
  m_PrefabInstance: {fileID: 0}
  m_PrefabAsset: {fileID: 0}
  serializedVersion: 6
  m_Component:
  - component: {fileID: 2977943044114449795}
  m_Layer: 0
  m_Name: B-thumb_03_R
  m_TagString: Untagged
  m_Icon: {fileID: 0}
  m_NavMeshLayer: 0
  m_StaticEditorFlags: 0
  m_IsActive: 1
--- !u!4 &2977943044114449795
Transform:
  m_ObjectHideFlags: 0
  m_CorrespondingSourceObject: {fileID: 0}
  m_PrefabInstance: {fileID: 0}
  m_PrefabAsset: {fileID: 0}
  m_GameObject: {fileID: 2977943044114749795}
  m_LocalRotation: {x: 0.008187708, y: -0.03251536, z: 0.015720008, w: 0.99931407}
  m_LocalPosition: {x: -0.047159117, y: 0.0000000166893, z: -0.00000006198883}
  m_LocalScale: {x: 1, y: 1, z: 1}
  m_Children: []
  m_Father: {fileID: 2977943044114449855}
  m_RootOrder: 0
  m_LocalEulerAnglesHint: {x: 0, y: 0, z: 0}
--- !u!1 &2977943044114749797
GameObject:
  m_ObjectHideFlags: 0
  m_CorrespondingSourceObject: {fileID: 0}
  m_PrefabInstance: {fileID: 0}
  m_PrefabAsset: {fileID: 0}
  serializedVersion: 6
  m_Component:
  - component: {fileID: 2977943044114449797}
  m_Layer: 0
  m_Name: B-toe_L
  m_TagString: Untagged
  m_Icon: {fileID: 0}
  m_NavMeshLayer: 0
  m_StaticEditorFlags: 0
  m_IsActive: 1
--- !u!4 &2977943044114449797
Transform:
  m_ObjectHideFlags: 0
  m_CorrespondingSourceObject: {fileID: 0}
  m_PrefabInstance: {fileID: 0}
  m_PrefabAsset: {fileID: 0}
  m_GameObject: {fileID: 2977943044114749797}
  m_LocalRotation: {x: 0.9619414, y: -0.01913792, z: 0.2411269, w: 0.12712301}
  m_LocalPosition: {x: -0.17486915, y: -2.9802322e-10, z: 0.000000005960464}
  m_LocalScale: {x: 1.0000001, y: 1, z: 1}
  m_Children: []
  m_Father: {fileID: 2977943044114449873}
  m_RootOrder: 0
  m_LocalEulerAnglesHint: {x: 0, y: 0, z: 0}
--- !u!1 &2977943044114749799
GameObject:
  m_ObjectHideFlags: 0
  m_CorrespondingSourceObject: {fileID: 0}
  m_PrefabInstance: {fileID: 0}
  m_PrefabAsset: {fileID: 0}
  serializedVersion: 6
  m_Component:
  - component: {fileID: 2977943044114449799}
  m_Layer: 0
  m_Name: B-toe_R
  m_TagString: Untagged
  m_Icon: {fileID: 0}
  m_NavMeshLayer: 0
  m_StaticEditorFlags: 0
  m_IsActive: 1
--- !u!4 &2977943044114449799
Transform:
  m_ObjectHideFlags: 0
  m_CorrespondingSourceObject: {fileID: 0}
  m_PrefabInstance: {fileID: 0}
  m_PrefabAsset: {fileID: 0}
  m_GameObject: {fileID: 2977943044114749799}
  m_LocalRotation: {x: 0.9619414, y: 0.019137692, z: 0.24112691, w: -0.12712318}
  m_LocalPosition: {x: -0.17486914, y: 0.000000005960464, z: -0.0000000011920929}
  m_LocalScale: {x: 0.99999976, y: 1.0000001, z: 1.0000001}
  m_Children: []
  m_Father: {fileID: 2977943044114449875}
  m_RootOrder: 0
  m_LocalEulerAnglesHint: {x: 0, y: 0, z: 0}
--- !u!1 &2977943044114749801
GameObject:
  m_ObjectHideFlags: 0
  m_CorrespondingSourceObject: {fileID: 0}
  m_PrefabInstance: {fileID: 0}
  m_PrefabAsset: {fileID: 0}
  serializedVersion: 6
  m_Component:
  - component: {fileID: 2977943044114449801}
  m_Layer: 0
  m_Name: B-upper_arm_L
  m_TagString: Untagged
  m_Icon: {fileID: 0}
  m_NavMeshLayer: 0
  m_StaticEditorFlags: 0
  m_IsActive: 1
--- !u!4 &2977943044114449801
Transform:
  m_ObjectHideFlags: 0
  m_CorrespondingSourceObject: {fileID: 0}
  m_PrefabInstance: {fileID: 0}
  m_PrefabAsset: {fileID: 0}
  m_GameObject: {fileID: 2977943044114749801}
  m_LocalRotation: {x: 0.6976711, y: 0.062331237, z: 0.008004919, w: 0.7136566}
  m_LocalPosition: {x: -0.18017663, y: -0.0688828, z: -0.00014649375}
  m_LocalScale: {x: 1.0000001, y: 1, z: 0.99999994}
  m_Children:
  - {fileID: 2977943044114449877}
  m_Father: {fileID: 2977943044114449841}
  m_RootOrder: 0
  m_LocalEulerAnglesHint: {x: 0, y: 0, z: 0}
--- !u!1 &2977943044114749803
GameObject:
  m_ObjectHideFlags: 0
  m_CorrespondingSourceObject: {fileID: 0}
  m_PrefabInstance: {fileID: 0}
  m_PrefabAsset: {fileID: 0}
  serializedVersion: 6
  m_Component:
  - component: {fileID: 2977943044114449803}
  m_Layer: 0
  m_Name: B-upper_arm_R
  m_TagString: Untagged
  m_Icon: {fileID: 0}
  m_NavMeshLayer: 0
  m_StaticEditorFlags: 0
  m_IsActive: 1
--- !u!4 &2977943044114449803
Transform:
  m_ObjectHideFlags: 0
  m_CorrespondingSourceObject: {fileID: 0}
  m_PrefabInstance: {fileID: 0}
  m_PrefabAsset: {fileID: 0}
  m_GameObject: {fileID: 2977943044114749803}
  m_LocalRotation: {x: -0.6976711, y: 0.06233134, z: -0.008004925, w: 0.7136566}
  m_LocalPosition: {x: -0.1801766, y: 0.06888282, z: -0.00014649138}
  m_LocalScale: {x: 1.0000001, y: 1, z: 0.9999999}
  m_Children:
  - {fileID: 2977943044114449879}
  m_Father: {fileID: 2977943044114449843}
  m_RootOrder: 0
  m_LocalEulerAnglesHint: {x: 0, y: 0, z: 0}
--- !u!1 &2977943044114749825
GameObject:
  m_ObjectHideFlags: 0
  m_CorrespondingSourceObject: {fileID: 0}
  m_PrefabInstance: {fileID: 0}
  m_PrefabAsset: {fileID: 0}
  serializedVersion: 6
  m_Component:
  - component: {fileID: 2977943044114449825}
  m_Layer: 0
  m_Name: B-palm_02_L
  m_TagString: Untagged
  m_Icon: {fileID: 0}
  m_NavMeshLayer: 0
  m_StaticEditorFlags: 0
  m_IsActive: 1
--- !u!4 &2977943044114449825
Transform:
  m_ObjectHideFlags: 0
  m_CorrespondingSourceObject: {fileID: 0}
  m_PrefabInstance: {fileID: 0}
  m_PrefabAsset: {fileID: 0}
  m_GameObject: {fileID: 2977943044114749825}
  m_LocalRotation: {x: 0.015757997, y: 0.058999117, z: -0.045661706, w: 0.9970887}
  m_LocalPosition: {x: -0.075841814, y: -0.0024846261, z: -0.012874966}
  m_LocalScale: {x: 0.99999994, y: 0.9999999, z: 1}
  m_Children:
  - {fileID: 2977943044114449901}
  m_Father: {fileID: 2977943044114449881}
  m_RootOrder: 1
  m_LocalEulerAnglesHint: {x: 0, y: 0, z: 0}
--- !u!1 &2977943044114749827
GameObject:
  m_ObjectHideFlags: 0
  m_CorrespondingSourceObject: {fileID: 0}
  m_PrefabInstance: {fileID: 0}
  m_PrefabAsset: {fileID: 0}
  serializedVersion: 6
  m_Component:
  - component: {fileID: 2977943044114449827}
  m_Layer: 0
  m_Name: B-palm_02_R
  m_TagString: Untagged
  m_Icon: {fileID: 0}
  m_NavMeshLayer: 0
  m_StaticEditorFlags: 0
  m_IsActive: 1
--- !u!4 &2977943044114449827
Transform:
  m_ObjectHideFlags: 0
  m_CorrespondingSourceObject: {fileID: 0}
  m_PrefabInstance: {fileID: 0}
  m_PrefabAsset: {fileID: 0}
  m_GameObject: {fileID: 2977943044114749827}
  m_LocalRotation: {x: -0.015757974, y: 0.058999196, z: 0.04566166, w: 0.9970887}
  m_LocalPosition: {x: -0.07584187, y: 0.0024843346, z: -0.012874911}
  m_LocalScale: {x: 0.9999999, y: 0.9999998, z: 0.9999999}
  m_Children:
  - {fileID: 2977943044114449903}
  m_Father: {fileID: 2977943044114449883}
  m_RootOrder: 1
  m_LocalEulerAnglesHint: {x: 0, y: 0, z: 0}
--- !u!1 &2977943044114749829
GameObject:
  m_ObjectHideFlags: 0
  m_CorrespondingSourceObject: {fileID: 0}
  m_PrefabInstance: {fileID: 0}
  m_PrefabAsset: {fileID: 0}
  serializedVersion: 6
  m_Component:
  - component: {fileID: 2977943044114449829}
  m_Layer: 0
  m_Name: B-palm_03_L
  m_TagString: Untagged
  m_Icon: {fileID: 0}
  m_NavMeshLayer: 0
  m_StaticEditorFlags: 0
  m_IsActive: 1
--- !u!4 &2977943044114449829
Transform:
  m_ObjectHideFlags: 0
  m_CorrespondingSourceObject: {fileID: 0}
  m_PrefabInstance: {fileID: 0}
  m_PrefabAsset: {fileID: 0}
  m_GameObject: {fileID: 2977943044114749829}
  m_LocalRotation: {x: -0.07251049, y: 0.10585392, z: -0.06052923, w: 0.98988557}
  m_LocalPosition: {x: -0.06954075, y: -0.01212558, z: 0.011136639}
  m_LocalScale: {x: 1, y: 0.99999994, z: 1}
  m_Children:
  - {fileID: 2977943044114449861}
  m_Father: {fileID: 2977943044114449881}
  m_RootOrder: 2
  m_LocalEulerAnglesHint: {x: 0, y: 0, z: 0}
--- !u!1 &2977943044114749831
GameObject:
  m_ObjectHideFlags: 0
  m_CorrespondingSourceObject: {fileID: 0}
  m_PrefabInstance: {fileID: 0}
  m_PrefabAsset: {fileID: 0}
  serializedVersion: 6
  m_Component:
  - component: {fileID: 2977943044114449831}
  m_Layer: 0
  m_Name: B-palm_03_R
  m_TagString: Untagged
  m_Icon: {fileID: 0}
  m_NavMeshLayer: 0
  m_StaticEditorFlags: 0
  m_IsActive: 1
--- !u!4 &2977943044114449831
Transform:
  m_ObjectHideFlags: 0
  m_CorrespondingSourceObject: {fileID: 0}
  m_PrefabInstance: {fileID: 0}
  m_PrefabAsset: {fileID: 0}
  m_GameObject: {fileID: 2977943044114749831}
  m_LocalRotation: {x: 0.07251036, y: 0.10585397, z: 0.060529195, w: 0.98988557}
  m_LocalPosition: {x: -0.069540806, y: 0.012125445, z: 0.011136671}
  m_LocalScale: {x: 1, y: 0.99999994, z: 1}
  m_Children:
  - {fileID: 2977943044114449863}
  m_Father: {fileID: 2977943044114449883}
  m_RootOrder: 2
  m_LocalEulerAnglesHint: {x: 0, y: 0, z: 0}
--- !u!1 &2977943044114749833
GameObject:
  m_ObjectHideFlags: 0
  m_CorrespondingSourceObject: {fileID: 0}
  m_PrefabInstance: {fileID: 0}
  m_PrefabAsset: {fileID: 0}
  serializedVersion: 6
  m_Component:
  - component: {fileID: 2977943044114449833}
  m_Layer: 0
  m_Name: B-palm_04_L
  m_TagString: Untagged
  m_Icon: {fileID: 0}
  m_NavMeshLayer: 0
  m_StaticEditorFlags: 0
  m_IsActive: 1
--- !u!4 &2977943044114449833
Transform:
  m_ObjectHideFlags: 0
  m_CorrespondingSourceObject: {fileID: 0}
  m_PrefabInstance: {fileID: 0}
  m_PrefabAsset: {fileID: 0}
  m_GameObject: {fileID: 2977943044114749833}
  m_LocalRotation: {x: 0.018282311, y: 0.17281723, z: -0.059893165, w: 0.98296124}
  m_LocalPosition: {x: -0.061824545, y: -0.015039053, z: 0.030129895}
  m_LocalScale: {x: 1, y: 1, z: 1}
  m_Children:
  - {fileID: 2977943044114449913}
  m_Father: {fileID: 2977943044114449881}
  m_RootOrder: 3
  m_LocalEulerAnglesHint: {x: 0, y: 0, z: 0}
--- !u!1 &2977943044114749835
GameObject:
  m_ObjectHideFlags: 0
  m_CorrespondingSourceObject: {fileID: 0}
  m_PrefabInstance: {fileID: 0}
  m_PrefabAsset: {fileID: 0}
  serializedVersion: 6
  m_Component:
  - component: {fileID: 2977943044114449835}
  m_Layer: 0
  m_Name: B-palm_04_R
  m_TagString: Untagged
  m_Icon: {fileID: 0}
  m_NavMeshLayer: 0
  m_StaticEditorFlags: 0
  m_IsActive: 1
--- !u!4 &2977943044114449835
Transform:
  m_ObjectHideFlags: 0
  m_CorrespondingSourceObject: {fileID: 0}
  m_PrefabInstance: {fileID: 0}
  m_PrefabAsset: {fileID: 0}
  m_GameObject: {fileID: 2977943044114749835}
  m_LocalRotation: {x: -0.018282274, y: 0.17281726, z: 0.05989306, w: 0.98296124}
  m_LocalPosition: {x: -0.061824508, y: 0.015038921, z: 0.030129928}
  m_LocalScale: {x: 1, y: 1, z: 1}
  m_Children:
  - {fileID: 2977943044114449915}
  m_Father: {fileID: 2977943044114449883}
  m_RootOrder: 3
  m_LocalEulerAnglesHint: {x: 0, y: 0, z: 0}
--- !u!1 &2977943044114749837
GameObject:
  m_ObjectHideFlags: 0
  m_CorrespondingSourceObject: {fileID: 0}
  m_PrefabInstance: {fileID: 0}
  m_PrefabAsset: {fileID: 0}
  serializedVersion: 6
  m_Component:
  - component: {fileID: 2977943044114449837}
  m_Layer: 0
  m_Name: B-shin_L
  m_TagString: Untagged
  m_Icon: {fileID: 0}
  m_NavMeshLayer: 0
  m_StaticEditorFlags: 0
  m_IsActive: 1
--- !u!4 &2977943044114449837
Transform:
  m_ObjectHideFlags: 0
  m_CorrespondingSourceObject: {fileID: 0}
  m_PrefabInstance: {fileID: 0}
  m_PrefabAsset: {fileID: 0}
  m_GameObject: {fileID: 2977943044114749837}
  m_LocalRotation: {x: -0.06515384, y: 0.015977686, z: -0.020251136, w: 0.9975418}
  m_LocalPosition: {x: -0.46786693, y: 0.00000003039837, z: -5.9604643e-10}
  m_LocalScale: {x: 1, y: 0.99999994, z: 1}
  m_Children:
  - {fileID: 2977943044114449873}
  m_Father: {fileID: 2977943044114449845}
  m_RootOrder: 0
  m_LocalEulerAnglesHint: {x: 0, y: 0, z: 0}
--- !u!1 &2977943044114749839
GameObject:
  m_ObjectHideFlags: 0
  m_CorrespondingSourceObject: {fileID: 0}
  m_PrefabInstance: {fileID: 0}
  m_PrefabAsset: {fileID: 0}
  serializedVersion: 6
  m_Component:
  - component: {fileID: 2977943044114449839}
  m_Layer: 0
  m_Name: B-shin_R
  m_TagString: Untagged
  m_Icon: {fileID: 0}
  m_NavMeshLayer: 0
  m_StaticEditorFlags: 0
  m_IsActive: 1
--- !u!4 &2977943044114449839
Transform:
  m_ObjectHideFlags: 0
  m_CorrespondingSourceObject: {fileID: 0}
  m_PrefabInstance: {fileID: 0}
  m_PrefabAsset: {fileID: 0}
  m_GameObject: {fileID: 2977943044114749839}
  m_LocalRotation: {x: 0.06514398, y: 0.01597787, z: 0.020250995, w: 0.99754244}
  m_LocalPosition: {x: -0.4678669, y: 0.00000004529953, z: -8.9406965e-10}
  m_LocalScale: {x: 1, y: 1, z: 1}
  m_Children:
  - {fileID: 2977943044114449875}
  m_Father: {fileID: 2977943044114449847}
  m_RootOrder: 0
  m_LocalEulerAnglesHint: {x: 0, y: 0, z: 0}
--- !u!1 &2977943044114749841
GameObject:
  m_ObjectHideFlags: 0
  m_CorrespondingSourceObject: {fileID: 0}
  m_PrefabInstance: {fileID: 0}
  m_PrefabAsset: {fileID: 0}
  serializedVersion: 6
  m_Component:
  - component: {fileID: 2977943044114449841}
  m_Layer: 0
  m_Name: B-shoulder_L
  m_TagString: Untagged
  m_Icon: {fileID: 0}
  m_NavMeshLayer: 0
  m_StaticEditorFlags: 0
  m_IsActive: 1
--- !u!4 &2977943044114449841
Transform:
  m_ObjectHideFlags: 0
  m_CorrespondingSourceObject: {fileID: 0}
  m_PrefabInstance: {fileID: 0}
  m_PrefabAsset: {fileID: 0}
  m_GameObject: {fileID: 2977943044114749841}
  m_LocalRotation: {x: 0.0640145, y: -0.07252644, z: 0.75405246, w: 0.6496514}
  m_LocalPosition: {x: -0.20827699, y: 0.00000001572447, z: 0}
  m_LocalScale: {x: 1, y: 1, z: 1}
  m_Children:
  - {fileID: 2977943044114449801}
  m_Father: {fileID: 2977943044114449431}
  m_RootOrder: 1
  m_LocalEulerAnglesHint: {x: 0, y: 0, z: 0}
--- !u!1 &2977943044114749843
GameObject:
  m_ObjectHideFlags: 0
  m_CorrespondingSourceObject: {fileID: 0}
  m_PrefabInstance: {fileID: 0}
  m_PrefabAsset: {fileID: 0}
  serializedVersion: 6
  m_Component:
  - component: {fileID: 2977943044114449843}
  m_Layer: 0
  m_Name: B-shoulder_R
  m_TagString: Untagged
  m_Icon: {fileID: 0}
  m_NavMeshLayer: 0
  m_StaticEditorFlags: 0
  m_IsActive: 1
--- !u!4 &2977943044114449843
Transform:
  m_ObjectHideFlags: 0
  m_CorrespondingSourceObject: {fileID: 0}
  m_PrefabInstance: {fileID: 0}
  m_PrefabAsset: {fileID: 0}
  m_GameObject: {fileID: 2977943044114749843}
  m_LocalRotation: {x: -0.06401451, y: -0.07252643, z: -0.75405246, w: 0.6496514}
  m_LocalPosition: {x: -0.20827699, y: 0.00000001572447, z: 0}
  m_LocalScale: {x: 1, y: 1, z: 1}
  m_Children:
  - {fileID: 2977943044114449803}
  m_Father: {fileID: 2977943044114449431}
  m_RootOrder: 2
  m_LocalEulerAnglesHint: {x: 0, y: 0, z: 0}
--- !u!1 &2977943044114749845
GameObject:
  m_ObjectHideFlags: 0
  m_CorrespondingSourceObject: {fileID: 0}
  m_PrefabInstance: {fileID: 0}
  m_PrefabAsset: {fileID: 0}
  serializedVersion: 6
  m_Component:
  - component: {fileID: 2977943044114449845}
  m_Layer: 0
  m_Name: B-thigh_L
  m_TagString: Untagged
  m_Icon: {fileID: 0}
  m_NavMeshLayer: 0
  m_StaticEditorFlags: 0
  m_IsActive: 1
--- !u!4 &2977943044114449845
Transform:
  m_ObjectHideFlags: 0
  m_CorrespondingSourceObject: {fileID: 0}
  m_PrefabInstance: {fileID: 0}
  m_PrefabAsset: {fileID: 0}
  m_GameObject: {fileID: 2977943044114749845}
  m_LocalRotation: {x: 0.0249988, y: 0.9952123, z: -0.093913116, w: 0.0103866225}
  m_LocalPosition: {x: -0.064631216, y: -0.07962748, z: 0.0051341197}
  m_LocalScale: {x: 0.99999994, y: 1, z: 0.99999994}
  m_Children:
  - {fileID: 2977943044114449837}
  m_Father: {fileID: 2977943044114449441}
  m_RootOrder: 1
  m_LocalEulerAnglesHint: {x: 0, y: 0, z: 0}
--- !u!1 &2977943044114749847
GameObject:
  m_ObjectHideFlags: 0
  m_CorrespondingSourceObject: {fileID: 0}
  m_PrefabInstance: {fileID: 0}
  m_PrefabAsset: {fileID: 0}
  serializedVersion: 6
  m_Component:
  - component: {fileID: 2977943044114449847}
  m_Layer: 0
  m_Name: B-thigh_R
  m_TagString: Untagged
  m_Icon: {fileID: 0}
  m_NavMeshLayer: 0
  m_StaticEditorFlags: 0
  m_IsActive: 1
--- !u!4 &2977943044114449847
Transform:
  m_ObjectHideFlags: 0
  m_CorrespondingSourceObject: {fileID: 0}
  m_PrefabInstance: {fileID: 0}
  m_PrefabAsset: {fileID: 0}
  m_GameObject: {fileID: 2977943044114749847}
  m_LocalRotation: {x: -0.025000706, y: 0.99521315, z: 0.09390361, w: 0.01038775}
  m_LocalPosition: {x: -0.0646312, y: 0.07962749, z: 0.0051341197}
  m_LocalScale: {x: 0.99999994, y: 1, z: 0.99999994}
  m_Children:
  - {fileID: 2977943044114449839}
  m_Father: {fileID: 2977943044114449441}
  m_RootOrder: 2
  m_LocalEulerAnglesHint: {x: 0, y: 0, z: 0}
--- !u!1 &2977943044114749849
GameObject:
  m_ObjectHideFlags: 0
  m_CorrespondingSourceObject: {fileID: 0}
  m_PrefabInstance: {fileID: 0}
  m_PrefabAsset: {fileID: 0}
  serializedVersion: 6
  m_Component:
  - component: {fileID: 2977943044114449849}
  m_Layer: 0
  m_Name: B-thumb_01_L
  m_TagString: Untagged
  m_Icon: {fileID: 0}
  m_NavMeshLayer: 0
  m_StaticEditorFlags: 0
  m_IsActive: 1
--- !u!4 &2977943044114449849
Transform:
  m_ObjectHideFlags: 0
  m_CorrespondingSourceObject: {fileID: 0}
  m_PrefabInstance: {fileID: 0}
  m_PrefabAsset: {fileID: 0}
  m_GameObject: {fileID: 2977943044114749849}
  m_LocalRotation: {x: 0.041560944, y: -0.44378984, z: -0.23022804, w: 0.865054}
  m_LocalPosition: {x: 0.034065567, y: 0.0060470067, z: 0.010618346}
  m_LocalScale: {x: 1, y: 0.9999999, z: 1}
  m_Children:
  - {fileID: 2977943044114449853}
  m_Father: {fileID: 2977943044114449885}
  m_RootOrder: 1
  m_LocalEulerAnglesHint: {x: 0, y: 0, z: 0}
--- !u!1 &2977943044114749851
GameObject:
  m_ObjectHideFlags: 0
  m_CorrespondingSourceObject: {fileID: 0}
  m_PrefabInstance: {fileID: 0}
  m_PrefabAsset: {fileID: 0}
  serializedVersion: 6
  m_Component:
  - component: {fileID: 2977943044114449851}
  m_Layer: 0
  m_Name: B-thumb_01_R
  m_TagString: Untagged
  m_Icon: {fileID: 0}
  m_NavMeshLayer: 0
  m_StaticEditorFlags: 0
  m_IsActive: 1
--- !u!4 &2977943044114449851
Transform:
  m_ObjectHideFlags: 0
  m_CorrespondingSourceObject: {fileID: 0}
  m_PrefabInstance: {fileID: 0}
  m_PrefabAsset: {fileID: 0}
  m_GameObject: {fileID: 2977943044114749851}
  m_LocalRotation: {x: -0.041560974, y: -0.44378984, z: 0.23022802, w: 0.865054}
  m_LocalPosition: {x: 0.034065623, y: -0.006046853, z: 0.010618317}
  m_LocalScale: {x: 1, y: 0.99999994, z: 1}
  m_Children:
  - {fileID: 2977943044114449855}
  m_Father: {fileID: 2977943044114449887}
  m_RootOrder: 1
  m_LocalEulerAnglesHint: {x: 0, y: 0, z: 0}
--- !u!1 &2977943044114749853
GameObject:
  m_ObjectHideFlags: 0
  m_CorrespondingSourceObject: {fileID: 0}
  m_PrefabInstance: {fileID: 0}
  m_PrefabAsset: {fileID: 0}
  serializedVersion: 6
  m_Component:
  - component: {fileID: 2977943044114449853}
  m_Layer: 0
  m_Name: B-thumb_02_L
  m_TagString: Untagged
  m_Icon: {fileID: 0}
  m_NavMeshLayer: 0
  m_StaticEditorFlags: 0
  m_IsActive: 1
--- !u!4 &2977943044114449853
Transform:
  m_ObjectHideFlags: 0
  m_CorrespondingSourceObject: {fileID: 0}
  m_PrefabInstance: {fileID: 0}
  m_PrefabAsset: {fileID: 0}
  m_GameObject: {fileID: 2977943044114749853}
  m_LocalRotation: {x: -0.54800236, y: -0.046547767, z: -0.11703143, w: 0.82694036}
  m_LocalPosition: {x: -0.057353947, y: -0.000000102519984, z: 0.00000004261732}
  m_LocalScale: {x: 1.0000001, y: 1, z: 0.99999994}
  m_Children:
  - {fileID: 2977943044114449793}
  m_Father: {fileID: 2977943044114449849}
  m_RootOrder: 0
  m_LocalEulerAnglesHint: {x: 0, y: 0, z: 0}
--- !u!1 &2977943044114749855
GameObject:
  m_ObjectHideFlags: 0
  m_CorrespondingSourceObject: {fileID: 0}
  m_PrefabInstance: {fileID: 0}
  m_PrefabAsset: {fileID: 0}
  serializedVersion: 6
  m_Component:
  - component: {fileID: 2977943044114449855}
  m_Layer: 0
  m_Name: B-thumb_02_R
  m_TagString: Untagged
  m_Icon: {fileID: 0}
  m_NavMeshLayer: 0
  m_StaticEditorFlags: 0
  m_IsActive: 1
--- !u!4 &2977943044114449855
Transform:
  m_ObjectHideFlags: 0
  m_CorrespondingSourceObject: {fileID: 0}
  m_PrefabInstance: {fileID: 0}
  m_PrefabAsset: {fileID: 0}
  m_GameObject: {fileID: 2977943044114749855}
  m_LocalRotation: {x: 0.5480025, y: -0.046547823, z: 0.117031485, w: 0.8269403}
  m_LocalPosition: {x: -0.057353947, y: 0.00000007152557, z: -0.000000026524066}
  m_LocalScale: {x: 1, y: 1, z: 1}
  m_Children:
  - {fileID: 2977943044114449795}
  m_Father: {fileID: 2977943044114449851}
  m_RootOrder: 0
  m_LocalEulerAnglesHint: {x: 0, y: 0, z: 0}
--- !u!1 &2977943044114749857
GameObject:
  m_ObjectHideFlags: 0
  m_CorrespondingSourceObject: {fileID: 0}
  m_PrefabInstance: {fileID: 0}
  m_PrefabAsset: {fileID: 0}
  serializedVersion: 6
  m_Component:
  - component: {fileID: 2977943044114449857}
  m_Layer: 0
  m_Name: B-f_pinky_03_L
  m_TagString: Untagged
  m_Icon: {fileID: 0}
  m_NavMeshLayer: 0
  m_StaticEditorFlags: 0
  m_IsActive: 1
--- !u!4 &2977943044114449857
Transform:
  m_ObjectHideFlags: 0
  m_CorrespondingSourceObject: {fileID: 0}
  m_PrefabInstance: {fileID: 0}
  m_PrefabAsset: {fileID: 0}
  m_GameObject: {fileID: 2977943044114749857}
  m_LocalRotation: {x: 0.031146443, y: -0.014893203, z: 0.037843738, w: 0.99868715}
  m_LocalPosition: {x: -0.028552158, y: 0.00000008359551, z: -0.000000019073486}
  m_LocalScale: {x: 0.99999994, y: 1.0000001, z: 1}
  m_Children: []
  m_Father: {fileID: 2977943044114449917}
  m_RootOrder: 0
  m_LocalEulerAnglesHint: {x: 0, y: 0, z: 0}
--- !u!1 &2977943044114749859
GameObject:
  m_ObjectHideFlags: 0
  m_CorrespondingSourceObject: {fileID: 0}
  m_PrefabInstance: {fileID: 0}
  m_PrefabAsset: {fileID: 0}
  serializedVersion: 6
  m_Component:
  - component: {fileID: 2977943044114449859}
  m_Layer: 0
  m_Name: B-f_pinky_03_R
  m_TagString: Untagged
  m_Icon: {fileID: 0}
  m_NavMeshLayer: 0
  m_StaticEditorFlags: 0
  m_IsActive: 1
--- !u!4 &2977943044114449859
Transform:
  m_ObjectHideFlags: 0
  m_CorrespondingSourceObject: {fileID: 0}
  m_PrefabInstance: {fileID: 0}
  m_PrefabAsset: {fileID: 0}
  m_GameObject: {fileID: 2977943044114749859}
  m_LocalRotation: {x: -0.031146342, y: -0.014893237, z: -0.0378438, w: 0.99868715}
  m_LocalPosition: {x: -0.028552176, y: -0.0000001603365, z: -0.000000015497207}
  m_LocalScale: {x: 0.9999999, y: 0.9999999, z: 1}
  m_Children: []
  m_Father: {fileID: 2977943044114449919}
  m_RootOrder: 0
  m_LocalEulerAnglesHint: {x: 0, y: 0, z: 0}
--- !u!1 &2977943044114749861
GameObject:
  m_ObjectHideFlags: 0
  m_CorrespondingSourceObject: {fileID: 0}
  m_PrefabInstance: {fileID: 0}
  m_PrefabAsset: {fileID: 0}
  serializedVersion: 6
  m_Component:
  - component: {fileID: 2977943044114449861}
  m_Layer: 0
  m_Name: B-f_ring_01_L
  m_TagString: Untagged
  m_Icon: {fileID: 0}
  m_NavMeshLayer: 0
  m_StaticEditorFlags: 0
  m_IsActive: 1
--- !u!4 &2977943044114449861
Transform:
  m_ObjectHideFlags: 0
  m_CorrespondingSourceObject: {fileID: 0}
  m_PrefabInstance: {fileID: 0}
  m_PrefabAsset: {fileID: 0}
  m_GameObject: {fileID: 2977943044114749861}
  m_LocalRotation: {x: 0.08556959, y: 0.08425178, z: 0.025032545, w: 0.9924479}
  m_LocalPosition: {x: -0.063747756, y: -0.00000002324581, z: 0.000000009536743}
  m_LocalScale: {x: 0.99999994, y: 0.9999999, z: 1}
  m_Children:
  - {fileID: 2977943044114449865}
  m_Father: {fileID: 2977943044114449829}
  m_RootOrder: 0
  m_LocalEulerAnglesHint: {x: 0, y: 0, z: 0}
--- !u!1 &2977943044114749863
GameObject:
  m_ObjectHideFlags: 0
  m_CorrespondingSourceObject: {fileID: 0}
  m_PrefabInstance: {fileID: 0}
  m_PrefabAsset: {fileID: 0}
  serializedVersion: 6
  m_Component:
  - component: {fileID: 2977943044114449863}
  m_Layer: 0
  m_Name: B-f_ring_01_R
  m_TagString: Untagged
  m_Icon: {fileID: 0}
  m_NavMeshLayer: 0
  m_StaticEditorFlags: 0
  m_IsActive: 1
--- !u!4 &2977943044114449863
Transform:
  m_ObjectHideFlags: 0
  m_CorrespondingSourceObject: {fileID: 0}
  m_PrefabInstance: {fileID: 0}
  m_PrefabAsset: {fileID: 0}
  m_GameObject: {fileID: 2977943044114749863}
  m_LocalRotation: {x: -0.08556946, y: 0.08425178, z: -0.025032561, w: 0.9924479}
  m_LocalPosition: {x: -0.06374774, y: 0.000000118613244, z: -0.000000042915342}
  m_LocalScale: {x: 0.99999994, y: 1, z: 0.99999994}
  m_Children:
  - {fileID: 2977943044114449867}
  m_Father: {fileID: 2977943044114449831}
  m_RootOrder: 0
  m_LocalEulerAnglesHint: {x: 0, y: 0, z: 0}
--- !u!1 &2977943044114749865
GameObject:
  m_ObjectHideFlags: 0
  m_CorrespondingSourceObject: {fileID: 0}
  m_PrefabInstance: {fileID: 0}
  m_PrefabAsset: {fileID: 0}
  serializedVersion: 6
  m_Component:
  - component: {fileID: 2977943044114449865}
  m_Layer: 0
  m_Name: B-f_ring_02_L
  m_TagString: Untagged
  m_Icon: {fileID: 0}
  m_NavMeshLayer: 0
  m_StaticEditorFlags: 0
  m_IsActive: 1
--- !u!4 &2977943044114449865
Transform:
  m_ObjectHideFlags: 0
  m_CorrespondingSourceObject: {fileID: 0}
  m_PrefabInstance: {fileID: 0}
  m_PrefabAsset: {fileID: 0}
  m_GameObject: {fileID: 2977943044114749865}
  m_LocalRotation: {x: 0.0019353828, y: 0.0000013671842, z: 0.00000046682632, w: 0.99999815}
  m_LocalPosition: {x: -0.042007074, y: 0.000000042468308, z: 0.0000000047683715}
  m_LocalScale: {x: 0.99999994, y: 1, z: 1}
  m_Children:
  - {fileID: 2977943044114449869}
  m_Father: {fileID: 2977943044114449861}
  m_RootOrder: 0
  m_LocalEulerAnglesHint: {x: 0, y: 0, z: 0}
--- !u!1 &2977943044114749867
GameObject:
  m_ObjectHideFlags: 0
  m_CorrespondingSourceObject: {fileID: 0}
  m_PrefabInstance: {fileID: 0}
  m_PrefabAsset: {fileID: 0}
  serializedVersion: 6
  m_Component:
  - component: {fileID: 2977943044114449867}
  m_Layer: 0
  m_Name: B-f_ring_02_R
  m_TagString: Untagged
  m_Icon: {fileID: 0}
  m_NavMeshLayer: 0
  m_StaticEditorFlags: 0
  m_IsActive: 1
--- !u!4 &2977943044114449867
Transform:
  m_ObjectHideFlags: 0
  m_CorrespondingSourceObject: {fileID: 0}
  m_PrefabInstance: {fileID: 0}
  m_PrefabAsset: {fileID: 0}
  m_GameObject: {fileID: 2977943044114749867}
  m_LocalRotation: {x: -0.0019356324, y: 0.0000013606649, z: -0.0000004792828, w: 0.99999815}
  m_LocalPosition: {x: -0.04200715, y: -0.000000029653311, z: -0.000000007152557}
  m_LocalScale: {x: 1, y: 1.0000001, z: 1}
  m_Children:
  - {fileID: 2977943044114449871}
  m_Father: {fileID: 2977943044114449863}
  m_RootOrder: 0
  m_LocalEulerAnglesHint: {x: 0, y: 0, z: 0}
--- !u!1 &2977943044114749869
GameObject:
  m_ObjectHideFlags: 0
  m_CorrespondingSourceObject: {fileID: 0}
  m_PrefabInstance: {fileID: 0}
  m_PrefabAsset: {fileID: 0}
  serializedVersion: 6
  m_Component:
  - component: {fileID: 2977943044114449869}
  m_Layer: 0
  m_Name: B-f_ring_03_L
  m_TagString: Untagged
  m_Icon: {fileID: 0}
  m_NavMeshLayer: 0
  m_StaticEditorFlags: 0
  m_IsActive: 1
--- !u!4 &2977943044114449869
Transform:
  m_ObjectHideFlags: 0
  m_CorrespondingSourceObject: {fileID: 0}
  m_PrefabInstance: {fileID: 0}
  m_PrefabAsset: {fileID: 0}
  m_GameObject: {fileID: 2977943044114749869}
  m_LocalRotation: {x: 0.015953831, y: -0.009958037, z: 0.030269563, w: 0.99936485}
  m_LocalPosition: {x: -0.0365915, y: -0.00000011965632, z: -0.0000000023841857}
  m_LocalScale: {x: 0.9999998, y: 1, z: 1}
  m_Children: []
  m_Father: {fileID: 2977943044114449865}
  m_RootOrder: 0
  m_LocalEulerAnglesHint: {x: 0, y: 0, z: 0}
--- !u!1 &2977943044114749871
GameObject:
  m_ObjectHideFlags: 0
  m_CorrespondingSourceObject: {fileID: 0}
  m_PrefabInstance: {fileID: 0}
  m_PrefabAsset: {fileID: 0}
  serializedVersion: 6
  m_Component:
  - component: {fileID: 2977943044114449871}
  m_Layer: 0
  m_Name: B-f_ring_03_R
  m_TagString: Untagged
  m_Icon: {fileID: 0}
  m_NavMeshLayer: 0
  m_StaticEditorFlags: 0
  m_IsActive: 1
--- !u!4 &2977943044114449871
Transform:
  m_ObjectHideFlags: 0
  m_CorrespondingSourceObject: {fileID: 0}
  m_PrefabInstance: {fileID: 0}
  m_PrefabAsset: {fileID: 0}
  m_GameObject: {fileID: 2977943044114749871}
  m_LocalRotation: {x: -0.015953563, y: -0.009958031, z: -0.030269537, w: 0.99936485}
  m_LocalPosition: {x: -0.036591385, y: -0.00000015825033, z: -0.000000011920928}
  m_LocalScale: {x: 0.9999999, y: 1.0000001, z: 1}
  m_Children: []
  m_Father: {fileID: 2977943044114449867}
  m_RootOrder: 0
  m_LocalEulerAnglesHint: {x: 0, y: 0, z: 0}
--- !u!1 &2977943044114749873
GameObject:
  m_ObjectHideFlags: 0
  m_CorrespondingSourceObject: {fileID: 0}
  m_PrefabInstance: {fileID: 0}
  m_PrefabAsset: {fileID: 0}
  serializedVersion: 6
  m_Component:
  - component: {fileID: 2977943044114449873}
  m_Layer: 0
  m_Name: B-foot_L
  m_TagString: Untagged
  m_Icon: {fileID: 0}
  m_NavMeshLayer: 0
  m_StaticEditorFlags: 0
  m_IsActive: 1
--- !u!4 &2977943044114449873
Transform:
  m_ObjectHideFlags: 0
  m_CorrespondingSourceObject: {fileID: 0}
  m_PrefabInstance: {fileID: 0}
  m_PrefabAsset: {fileID: 0}
  m_GameObject: {fileID: 2977943044114749873}
  m_LocalRotation: {x: 0.035885476, y: -0.49012747, z: 0.06386395, w: 0.86856705}
  m_LocalPosition: {x: -0.3730876, y: 0.000000019371509, z: -5.9604643e-10}
  m_LocalScale: {x: 1, y: 0.9999999, z: 1}
  m_Children:
  - {fileID: 2977943044114449797}
  m_Father: {fileID: 2977943044114449837}
  m_RootOrder: 0
  m_LocalEulerAnglesHint: {x: 0, y: 0, z: 0}
--- !u!1 &2977943044114749875
GameObject:
  m_ObjectHideFlags: 0
  m_CorrespondingSourceObject: {fileID: 0}
  m_PrefabInstance: {fileID: 0}
  m_PrefabAsset: {fileID: 0}
  serializedVersion: 6
  m_Component:
  - component: {fileID: 2977943044114449875}
  m_Layer: 0
  m_Name: B-foot_R
  m_TagString: Untagged
  m_Icon: {fileID: 0}
  m_NavMeshLayer: 0
  m_StaticEditorFlags: 0
  m_IsActive: 1
--- !u!4 &2977943044114449875
Transform:
  m_ObjectHideFlags: 0
  m_CorrespondingSourceObject: {fileID: 0}
  m_PrefabInstance: {fileID: 0}
  m_PrefabAsset: {fileID: 0}
  m_GameObject: {fileID: 2977943044114749875}
  m_LocalRotation: {x: -0.03588554, y: -0.4901274, z: -0.063863955, w: 0.86856705}
  m_LocalPosition: {x: -0.3730876, y: 0.000000016763806, z: -8.9406965e-10}
  m_LocalScale: {x: 0.99999994, y: 0.9999999, z: 0.99999994}
  m_Children:
  - {fileID: 2977943044114449799}
  m_Father: {fileID: 2977943044114449839}
  m_RootOrder: 0
  m_LocalEulerAnglesHint: {x: 0, y: 0, z: 0}
--- !u!1 &2977943044114749877
GameObject:
  m_ObjectHideFlags: 0
  m_CorrespondingSourceObject: {fileID: 0}
  m_PrefabInstance: {fileID: 0}
  m_PrefabAsset: {fileID: 0}
  serializedVersion: 6
  m_Component:
  - component: {fileID: 2977943044114449877}
  m_Layer: 0
  m_Name: B-forearm_L
  m_TagString: Untagged
  m_Icon: {fileID: 0}
  m_NavMeshLayer: 0
  m_StaticEditorFlags: 0
  m_IsActive: 1
--- !u!4 &2977943044114449877
Transform:
  m_ObjectHideFlags: 0
  m_CorrespondingSourceObject: {fileID: 0}
  m_PrefabInstance: {fileID: 0}
  m_PrefabAsset: {fileID: 0}
  m_GameObject: {fileID: 2977943044114749877}
  m_LocalRotation: {x: 0.0036123963, y: 0.0088258805, z: -0.22158988, w: 0.9750933}
  m_LocalPosition: {x: -0.25348926, y: 0.000000014305114, z: 0.0000000047683715}
  m_LocalScale: {x: 1, y: 0.99999994, z: 0.99999994}
  m_Children:
  - {fileID: 2977943044114449881}
  m_Father: {fileID: 2977943044114449801}
  m_RootOrder: 0
  m_LocalEulerAnglesHint: {x: 0, y: 0, z: 0}
--- !u!1 &2977943044114749879
GameObject:
  m_ObjectHideFlags: 0
  m_CorrespondingSourceObject: {fileID: 0}
  m_PrefabInstance: {fileID: 0}
  m_PrefabAsset: {fileID: 0}
  serializedVersion: 6
  m_Component:
  - component: {fileID: 2977943044114449879}
  m_Layer: 0
  m_Name: B-forearm_R
  m_TagString: Untagged
  m_Icon: {fileID: 0}
  m_NavMeshLayer: 0
  m_StaticEditorFlags: 0
  m_IsActive: 1
--- !u!4 &2977943044114449879
Transform:
  m_ObjectHideFlags: 0
  m_CorrespondingSourceObject: {fileID: 0}
  m_PrefabInstance: {fileID: 0}
  m_PrefabAsset: {fileID: 0}
  m_GameObject: {fileID: 2977943044114749879}
  m_LocalRotation: {x: -0.0036123928, y: 0.0088258805, z: 0.22158985, w: 0.9750933}
  m_LocalPosition: {x: -0.25348926, y: 0.000000019073486, z: -0.000000015497207}
  m_LocalScale: {x: 1.0000001, y: 1, z: 1}
  m_Children:
  - {fileID: 2977943044114449883}
  m_Father: {fileID: 2977943044114449803}
  m_RootOrder: 0
  m_LocalEulerAnglesHint: {x: 0, y: 0, z: 0}
--- !u!1 &2977943044114749881
GameObject:
  m_ObjectHideFlags: 0
  m_CorrespondingSourceObject: {fileID: 0}
  m_PrefabInstance: {fileID: 0}
  m_PrefabAsset: {fileID: 0}
  serializedVersion: 6
  m_Component:
  - component: {fileID: 2977943044114449881}
  m_Layer: 0
  m_Name: B-hand_L
  m_TagString: Untagged
  m_Icon: {fileID: 0}
  m_NavMeshLayer: 0
  m_StaticEditorFlags: 0
  m_IsActive: 1
--- !u!4 &2977943044114449881
Transform:
  m_ObjectHideFlags: 0
  m_CorrespondingSourceObject: {fileID: 0}
  m_PrefabInstance: {fileID: 0}
  m_PrefabAsset: {fileID: 0}
  m_GameObject: {fileID: 2977943044114749881}
  m_LocalRotation: {x: 0.6944904, y: -0.052335467, z: -0.006221218, w: 0.7175691}
  m_LocalPosition: {x: -0.28138602, y: 0.00000006020069, z: 0.00000016812234}
  m_LocalScale: {x: 0.99999976, y: 1, z: 1}
  m_Children:
  - {fileID: 2977943044114449885}
  - {fileID: 2977943044114449825}
  - {fileID: 2977943044114449829}
  - {fileID: 2977943044114449833}
  m_Father: {fileID: 2977943044114449877}
  m_RootOrder: 0
  m_LocalEulerAnglesHint: {x: 0, y: 0, z: 0}
--- !u!1 &2977943044114749883
GameObject:
  m_ObjectHideFlags: 0
  m_CorrespondingSourceObject: {fileID: 0}
  m_PrefabInstance: {fileID: 0}
  m_PrefabAsset: {fileID: 0}
  serializedVersion: 6
  m_Component:
  - component: {fileID: 2977943044114449883}
  m_Layer: 0
  m_Name: B-hand_R
  m_TagString: Untagged
  m_Icon: {fileID: 0}
  m_NavMeshLayer: 0
  m_StaticEditorFlags: 0
  m_IsActive: 1
--- !u!4 &2977943044114449883
Transform:
  m_ObjectHideFlags: 0
  m_CorrespondingSourceObject: {fileID: 0}
  m_PrefabInstance: {fileID: 0}
  m_PrefabAsset: {fileID: 0}
  m_GameObject: {fileID: 2977943044114749883}
  m_LocalRotation: {x: -0.69449025, y: -0.05233536, z: 0.0062212413, w: 0.71756923}
  m_LocalPosition: {x: -0.28138602, y: -0.0000000077486035, z: 0.000000015459955}
  m_LocalScale: {x: 0.9999999, y: 1.0000001, z: 1}
  m_Children:
  - {fileID: 2977943044114449887}
  - {fileID: 2977943044114449827}
  - {fileID: 2977943044114449831}
  - {fileID: 2977943044114449835}
  m_Father: {fileID: 2977943044114449879}
  m_RootOrder: 0
  m_LocalEulerAnglesHint: {x: 0, y: 0, z: 0}
--- !u!1 &2977943044114749885
GameObject:
  m_ObjectHideFlags: 0
  m_CorrespondingSourceObject: {fileID: 0}
  m_PrefabInstance: {fileID: 0}
  m_PrefabAsset: {fileID: 0}
  serializedVersion: 6
  m_Component:
  - component: {fileID: 2977943044114449885}
  m_Layer: 0
  m_Name: B-palm_01_L
  m_TagString: Untagged
  m_Icon: {fileID: 0}
  m_NavMeshLayer: 0
  m_StaticEditorFlags: 0
  m_IsActive: 1
--- !u!4 &2977943044114449885
Transform:
  m_ObjectHideFlags: 0
  m_CorrespondingSourceObject: {fileID: 0}
  m_PrefabInstance: {fileID: 0}
  m_PrefabAsset: {fileID: 0}
  m_GameObject: {fileID: 2977943044114749885}
  m_LocalRotation: {x: -0.026751496, y: -0.013633674, z: -0.04183685, w: 0.9986732}
  m_LocalPosition: {x: -0.07265077, y: 0.0075665484, z: -0.034388933}
  m_LocalScale: {x: 1, y: 0.99999994, z: 0.99999994}
  m_Children:
  - {fileID: 2977943044114449889}
  - {fileID: 2977943044114449849}
  m_Father: {fileID: 2977943044114449881}
  m_RootOrder: 0
  m_LocalEulerAnglesHint: {x: 0, y: 0, z: 0}
--- !u!1 &2977943044114749887
GameObject:
  m_ObjectHideFlags: 0
  m_CorrespondingSourceObject: {fileID: 0}
  m_PrefabInstance: {fileID: 0}
  m_PrefabAsset: {fileID: 0}
  serializedVersion: 6
  m_Component:
  - component: {fileID: 2977943044114449887}
  m_Layer: 0
  m_Name: B-palm_01_R
  m_TagString: Untagged
  m_Icon: {fileID: 0}
  m_NavMeshLayer: 0
  m_StaticEditorFlags: 0
  m_IsActive: 1
--- !u!4 &2977943044114449887
Transform:
  m_ObjectHideFlags: 0
  m_CorrespondingSourceObject: {fileID: 0}
  m_PrefabInstance: {fileID: 0}
  m_PrefabAsset: {fileID: 0}
  m_GameObject: {fileID: 2977943044114749887}
  m_LocalRotation: {x: 0.026751377, y: -0.0136336265, z: 0.041836835, w: 0.9986732}
  m_LocalPosition: {x: -0.072650805, y: -0.0075666904, z: -0.0343889}
  m_LocalScale: {x: 1, y: 1, z: 0.99999994}
  m_Children:
  - {fileID: 2977943044114449891}
  - {fileID: 2977943044114449851}
  m_Father: {fileID: 2977943044114449883}
  m_RootOrder: 0
  m_LocalEulerAnglesHint: {x: 0, y: 0, z: 0}
--- !u!1 &2977943044114749889
GameObject:
  m_ObjectHideFlags: 0
  m_CorrespondingSourceObject: {fileID: 0}
  m_PrefabInstance: {fileID: 0}
  m_PrefabAsset: {fileID: 0}
  serializedVersion: 6
  m_Component:
  - component: {fileID: 2977943044114449889}
  m_Layer: 0
  m_Name: B-f_index_01_L
  m_TagString: Untagged
  m_Icon: {fileID: 0}
  m_NavMeshLayer: 0
  m_StaticEditorFlags: 0
  m_IsActive: 1
--- !u!4 &2977943044114449889
Transform:
  m_ObjectHideFlags: 0
  m_CorrespondingSourceObject: {fileID: 0}
  m_PrefabInstance: {fileID: 0}
  m_PrefabAsset: {fileID: 0}
  m_GameObject: {fileID: 2977943044114749889}
  m_LocalRotation: {x: 0.0012159356, y: 0.0112809595, z: -0.014367757, w: 0.99983245}
  m_LocalPosition: {x: -0.06905625, y: 0.000000011920928, z: 0.000000038146972}
  m_LocalScale: {x: 1, y: 0.9999999, z: 0.99999994}
  m_Children:
  - {fileID: 2977943044114449893}
  m_Father: {fileID: 2977943044114449885}
  m_RootOrder: 0
  m_LocalEulerAnglesHint: {x: 0, y: 0, z: 0}
--- !u!1 &2977943044114749891
GameObject:
  m_ObjectHideFlags: 0
  m_CorrespondingSourceObject: {fileID: 0}
  m_PrefabInstance: {fileID: 0}
  m_PrefabAsset: {fileID: 0}
  serializedVersion: 6
  m_Component:
  - component: {fileID: 2977943044114449891}
  m_Layer: 0
  m_Name: B-f_index_01_R
  m_TagString: Untagged
  m_Icon: {fileID: 0}
  m_NavMeshLayer: 0
  m_StaticEditorFlags: 0
  m_IsActive: 1
--- !u!4 &2977943044114449891
Transform:
  m_ObjectHideFlags: 0
  m_CorrespondingSourceObject: {fileID: 0}
  m_PrefabInstance: {fileID: 0}
  m_PrefabAsset: {fileID: 0}
  m_GameObject: {fileID: 2977943044114749891}
  m_LocalRotation: {x: -0.0012159412, y: 0.011280947, z: 0.01436775, w: 0.99983245}
  m_LocalPosition: {x: -0.06905617, y: 0.00000016450882, z: 0.000000014305114}
  m_LocalScale: {x: 1, y: 0.99999994, z: 0.99999994}
  m_Children:
  - {fileID: 2977943044114449895}
  m_Father: {fileID: 2977943044114449887}
  m_RootOrder: 0
  m_LocalEulerAnglesHint: {x: 0, y: 0, z: 0}
--- !u!1 &2977943044114749893
GameObject:
  m_ObjectHideFlags: 0
  m_CorrespondingSourceObject: {fileID: 0}
  m_PrefabInstance: {fileID: 0}
  m_PrefabAsset: {fileID: 0}
  serializedVersion: 6
  m_Component:
  - component: {fileID: 2977943044114449893}
  m_Layer: 0
  m_Name: B-f_index_02_L
  m_TagString: Untagged
  m_Icon: {fileID: 0}
  m_NavMeshLayer: 0
  m_StaticEditorFlags: 0
  m_IsActive: 1
--- !u!4 &2977943044114449893
Transform:
  m_ObjectHideFlags: 0
  m_CorrespondingSourceObject: {fileID: 0}
  m_PrefabInstance: {fileID: 0}
  m_PrefabAsset: {fileID: 0}
  m_GameObject: {fileID: 2977943044114749893}
  m_LocalRotation: {x: -0.00256651, y: 0.0000014770827, z: -0.0000069467583, w: 0.9999967}
  m_LocalPosition: {x: -0.04279975, y: 0.00000011086464, z: -0.000000028610229}
  m_LocalScale: {x: 1, y: 0.99999994, z: 0.99999994}
  m_Children:
  - {fileID: 2977943044114449897}
  m_Father: {fileID: 2977943044114449889}
  m_RootOrder: 0
  m_LocalEulerAnglesHint: {x: 0, y: 0, z: 0}
--- !u!1 &2977943044114749895
GameObject:
  m_ObjectHideFlags: 0
  m_CorrespondingSourceObject: {fileID: 0}
  m_PrefabInstance: {fileID: 0}
  m_PrefabAsset: {fileID: 0}
  serializedVersion: 6
  m_Component:
  - component: {fileID: 2977943044114449895}
  m_Layer: 0
  m_Name: B-f_index_02_R
  m_TagString: Untagged
  m_Icon: {fileID: 0}
  m_NavMeshLayer: 0
  m_StaticEditorFlags: 0
  m_IsActive: 1
--- !u!4 &2977943044114449895
Transform:
  m_ObjectHideFlags: 0
  m_CorrespondingSourceObject: {fileID: 0}
  m_PrefabInstance: {fileID: 0}
  m_PrefabAsset: {fileID: 0}
  m_GameObject: {fileID: 2977943044114749895}
  m_LocalRotation: {x: 0.002566493, y: 0.000001530168, z: 0.000006944895, w: 0.9999967}
  m_LocalPosition: {x: -0.04279973, y: -0.000000011920928, z: 0}
  m_LocalScale: {x: 1, y: 1, z: 1}
  m_Children:
  - {fileID: 2977943044114449899}
  m_Father: {fileID: 2977943044114449891}
  m_RootOrder: 0
  m_LocalEulerAnglesHint: {x: 0, y: 0, z: 0}
--- !u!1 &2977943044114749897
GameObject:
  m_ObjectHideFlags: 0
  m_CorrespondingSourceObject: {fileID: 0}
  m_PrefabInstance: {fileID: 0}
  m_PrefabAsset: {fileID: 0}
  serializedVersion: 6
  m_Component:
  - component: {fileID: 2977943044114449897}
  m_Layer: 0
  m_Name: B-f_index_03_L
  m_TagString: Untagged
  m_Icon: {fileID: 0}
  m_NavMeshLayer: 0
  m_StaticEditorFlags: 0
  m_IsActive: 1
--- !u!4 &2977943044114449897
Transform:
  m_ObjectHideFlags: 0
  m_CorrespondingSourceObject: {fileID: 0}
  m_PrefabInstance: {fileID: 0}
  m_PrefabAsset: {fileID: 0}
  m_GameObject: {fileID: 2977943044114749897}
  m_LocalRotation: {x: 0.009865995, y: -0.015364828, z: 0.027867915, w: 0.99944484}
  m_LocalPosition: {x: -0.037281793, y: -0.00000004172325, z: -0.000000009536743}
  m_LocalScale: {x: 0.9999999, y: 0.99999994, z: 0.99999994}
  m_Children: []
  m_Father: {fileID: 2977943044114449893}
  m_RootOrder: 0
  m_LocalEulerAnglesHint: {x: 0, y: 0, z: 0}
--- !u!1 &2977943044114749899
GameObject:
  m_ObjectHideFlags: 0
  m_CorrespondingSourceObject: {fileID: 0}
  m_PrefabInstance: {fileID: 0}
  m_PrefabAsset: {fileID: 0}
  serializedVersion: 6
  m_Component:
  - component: {fileID: 2977943044114449899}
  m_Layer: 0
  m_Name: B-f_index_03_R
  m_TagString: Untagged
  m_Icon: {fileID: 0}
  m_NavMeshLayer: 0
  m_StaticEditorFlags: 0
  m_IsActive: 1
--- !u!4 &2977943044114449899
Transform:
  m_ObjectHideFlags: 0
  m_CorrespondingSourceObject: {fileID: 0}
  m_PrefabInstance: {fileID: 0}
  m_PrefabAsset: {fileID: 0}
  m_GameObject: {fileID: 2977943044114749899}
  m_LocalRotation: {x: -0.009865996, y: -0.015364876, z: -0.027867932, w: 0.99944484}
  m_LocalPosition: {x: -0.037281666, y: 0.00000007033348, z: -0.000000038146972}
  m_LocalScale: {x: 0.9999999, y: 1, z: 0.99999994}
  m_Children: []
  m_Father: {fileID: 2977943044114449895}
  m_RootOrder: 0
  m_LocalEulerAnglesHint: {x: 0, y: 0, z: 0}
--- !u!1 &2977943044114749901
GameObject:
  m_ObjectHideFlags: 0
  m_CorrespondingSourceObject: {fileID: 0}
  m_PrefabInstance: {fileID: 0}
  m_PrefabAsset: {fileID: 0}
  serializedVersion: 6
  m_Component:
  - component: {fileID: 2977943044114449901}
  m_Layer: 0
  m_Name: B-f_middle_01_L
  m_TagString: Untagged
  m_Icon: {fileID: 0}
  m_NavMeshLayer: 0
  m_StaticEditorFlags: 0
  m_IsActive: 1
--- !u!4 &2977943044114449901
Transform:
  m_ObjectHideFlags: 0
  m_CorrespondingSourceObject: {fileID: 0}
  m_PrefabInstance: {fileID: 0}
  m_PrefabAsset: {fileID: 0}
  m_GameObject: {fileID: 2977943044114749901}
  m_LocalRotation: {x: 0.015215012, y: 0.021734226, z: 0.019347662, w: 0.99946076}
  m_LocalPosition: {x: -0.06446431, y: -0.0000000500679, z: 0.0000000047683715}
  m_LocalScale: {x: 0.99999994, y: 1, z: 1}
  m_Children:
  - {fileID: 2977943044114449905}
  m_Father: {fileID: 2977943044114449825}
  m_RootOrder: 0
  m_LocalEulerAnglesHint: {x: 0, y: 0, z: 0}
--- !u!1 &2977943044114749903
GameObject:
  m_ObjectHideFlags: 0
  m_CorrespondingSourceObject: {fileID: 0}
  m_PrefabInstance: {fileID: 0}
  m_PrefabAsset: {fileID: 0}
  serializedVersion: 6
  m_Component:
  - component: {fileID: 2977943044114449903}
  m_Layer: 0
  m_Name: B-f_middle_01_R
  m_TagString: Untagged
  m_Icon: {fileID: 0}
  m_NavMeshLayer: 0
  m_StaticEditorFlags: 0
  m_IsActive: 1
--- !u!4 &2977943044114449903
Transform:
  m_ObjectHideFlags: 0
  m_CorrespondingSourceObject: {fileID: 0}
  m_PrefabInstance: {fileID: 0}
  m_PrefabAsset: {fileID: 0}
  m_GameObject: {fileID: 2977943044114749903}
  m_LocalRotation: {x: -0.015215058, y: 0.021734191, z: -0.01934758, w: 0.99946076}
  m_LocalPosition: {x: -0.064464346, y: -0.000000038444995, z: -0.0000000047683715}
  m_LocalScale: {x: 0.9999999, y: 0.9999999, z: 0.99999994}
  m_Children:
  - {fileID: 2977943044114449907}
  m_Father: {fileID: 2977943044114449827}
  m_RootOrder: 0
  m_LocalEulerAnglesHint: {x: 0, y: 0, z: 0}
--- !u!1 &2977943044114749905
GameObject:
  m_ObjectHideFlags: 0
  m_CorrespondingSourceObject: {fileID: 0}
  m_PrefabInstance: {fileID: 0}
  m_PrefabAsset: {fileID: 0}
  serializedVersion: 6
  m_Component:
  - component: {fileID: 2977943044114449905}
  m_Layer: 0
  m_Name: B-f_middle_02_L
  m_TagString: Untagged
  m_Icon: {fileID: 0}
  m_NavMeshLayer: 0
  m_StaticEditorFlags: 0
  m_IsActive: 1
--- !u!4 &2977943044114449905
Transform:
  m_ObjectHideFlags: 0
  m_CorrespondingSourceObject: {fileID: 0}
  m_PrefabInstance: {fileID: 0}
  m_PrefabAsset: {fileID: 0}
  m_GameObject: {fileID: 2977943044114749905}
  m_LocalRotation: {x: 0.0003297106, y: -0.0000023813923, z: 0.00000075669976, w: 0.99999994}
  m_LocalPosition: {x: -0.044799533, y: 0.00000000834465, z: -0.000000010728836}
  m_LocalScale: {x: 0.99999994, y: 0.9999999, z: 0.9999999}
  m_Children:
  - {fileID: 2977943044114449909}
  m_Father: {fileID: 2977943044114449901}
  m_RootOrder: 0
  m_LocalEulerAnglesHint: {x: 0, y: 0, z: 0}
--- !u!1 &2977943044114749907
GameObject:
  m_ObjectHideFlags: 0
  m_CorrespondingSourceObject: {fileID: 0}
  m_PrefabInstance: {fileID: 0}
  m_PrefabAsset: {fileID: 0}
  serializedVersion: 6
  m_Component:
  - component: {fileID: 2977943044114449907}
  m_Layer: 0
  m_Name: B-f_middle_02_R
  m_TagString: Untagged
  m_Icon: {fileID: 0}
  m_NavMeshLayer: 0
  m_StaticEditorFlags: 0
  m_IsActive: 1
--- !u!4 &2977943044114449907
Transform:
  m_ObjectHideFlags: 0
  m_CorrespondingSourceObject: {fileID: 0}
  m_PrefabInstance: {fileID: 0}
  m_PrefabAsset: {fileID: 0}
  m_GameObject: {fileID: 2977943044114749907}
  m_LocalRotation: {x: -0.00032968543, y: -0.0000023865143, z: -0.000000885455, w: 0.99999994}
  m_LocalPosition: {x: -0.044799622, y: 0.00000019580125, z: 0.0000000166893}
  m_LocalScale: {x: 1, y: 0.99999994, z: 0.9999999}
  m_Children:
  - {fileID: 2977943044114449911}
  m_Father: {fileID: 2977943044114449903}
  m_RootOrder: 0
  m_LocalEulerAnglesHint: {x: 0, y: 0, z: 0}
--- !u!1 &2977943044114749909
GameObject:
  m_ObjectHideFlags: 0
  m_CorrespondingSourceObject: {fileID: 0}
  m_PrefabInstance: {fileID: 0}
  m_PrefabAsset: {fileID: 0}
  serializedVersion: 6
  m_Component:
  - component: {fileID: 2977943044114449909}
  m_Layer: 0
  m_Name: B-f_middle_03_L
  m_TagString: Untagged
  m_Icon: {fileID: 0}
  m_NavMeshLayer: 0
  m_StaticEditorFlags: 0
  m_IsActive: 1
--- !u!4 &2977943044114449909
Transform:
  m_ObjectHideFlags: 0
  m_CorrespondingSourceObject: {fileID: 0}
  m_PrefabInstance: {fileID: 0}
  m_PrefabAsset: {fileID: 0}
  m_GameObject: {fileID: 2977943044114749909}
  m_LocalRotation: {x: 0.0060581956, y: -0.010650941, z: 0.02962849, w: 0.9994859}
  m_LocalPosition: {x: -0.03902382, y: -0.000000070929524, z: 0.00000002026558}
  m_LocalScale: {x: 1, y: 1, z: 1}
  m_Children: []
  m_Father: {fileID: 2977943044114449905}
  m_RootOrder: 0
  m_LocalEulerAnglesHint: {x: 0, y: 0, z: 0}
--- !u!1 &2977943044114749911
GameObject:
  m_ObjectHideFlags: 0
  m_CorrespondingSourceObject: {fileID: 0}
  m_PrefabInstance: {fileID: 0}
  m_PrefabAsset: {fileID: 0}
  serializedVersion: 6
  m_Component:
  - component: {fileID: 2977943044114449911}
  m_Layer: 0
  m_Name: B-f_middle_03_R
  m_TagString: Untagged
  m_Icon: {fileID: 0}
  m_NavMeshLayer: 0
  m_StaticEditorFlags: 0
  m_IsActive: 1
--- !u!4 &2977943044114449911
Transform:
  m_ObjectHideFlags: 0
  m_CorrespondingSourceObject: {fileID: 0}
  m_PrefabInstance: {fileID: 0}
  m_PrefabAsset: {fileID: 0}
  m_GameObject: {fileID: 2977943044114749911}
  m_LocalRotation: {x: -0.006058172, y: -0.01065095, z: -0.029628476, w: 0.9994859}
  m_LocalPosition: {x: -0.039023835, y: -0.000000115334984, z: 0.000000014305114}
  m_LocalScale: {x: 1, y: 1, z: 1}
  m_Children: []
  m_Father: {fileID: 2977943044114449907}
  m_RootOrder: 0
  m_LocalEulerAnglesHint: {x: 0, y: 0, z: 0}
--- !u!1 &2977943044114749913
GameObject:
  m_ObjectHideFlags: 0
  m_CorrespondingSourceObject: {fileID: 0}
  m_PrefabInstance: {fileID: 0}
  m_PrefabAsset: {fileID: 0}
  serializedVersion: 6
  m_Component:
  - component: {fileID: 2977943044114449913}
  m_Layer: 0
  m_Name: B-f_pinky_01_L
  m_TagString: Untagged
  m_Icon: {fileID: 0}
  m_NavMeshLayer: 0
  m_StaticEditorFlags: 0
  m_IsActive: 1
--- !u!4 &2977943044114449913
Transform:
  m_ObjectHideFlags: 0
  m_CorrespondingSourceObject: {fileID: 0}
  m_PrefabInstance: {fileID: 0}
  m_PrefabAsset: {fileID: 0}
  m_GameObject: {fileID: 2977943044114749913}
  m_LocalRotation: {x: -0.065136574, y: 0.10268569, z: -0.02233285, w: 0.99232763}
  m_LocalPosition: {x: -0.0598513, y: -0.00000011321157, z: 0.000000002682209}
  m_LocalScale: {x: 1, y: 1, z: 1}
  m_Children:
  - {fileID: 2977943044114449917}
  m_Father: {fileID: 2977943044114449833}
  m_RootOrder: 0
  m_LocalEulerAnglesHint: {x: 0, y: 0, z: 0}
--- !u!1 &2977943044114749915
GameObject:
  m_ObjectHideFlags: 0
  m_CorrespondingSourceObject: {fileID: 0}
  m_PrefabInstance: {fileID: 0}
  m_PrefabAsset: {fileID: 0}
  serializedVersion: 6
  m_Component:
  - component: {fileID: 2977943044114449915}
  m_Layer: 0
  m_Name: B-f_pinky_01_R
  m_TagString: Untagged
  m_Icon: {fileID: 0}
  m_NavMeshLayer: 0
  m_StaticEditorFlags: 0
  m_IsActive: 1
--- !u!4 &2977943044114449915
Transform:
  m_ObjectHideFlags: 0
  m_CorrespondingSourceObject: {fileID: 0}
  m_PrefabInstance: {fileID: 0}
  m_PrefabAsset: {fileID: 0}
  m_GameObject: {fileID: 2977943044114749915}
  m_LocalRotation: {x: 0.065136336, y: 0.102685705, z: 0.022332853, w: 0.99232763}
  m_LocalPosition: {x: -0.05985134, y: 0.00000020943581, z: -0.0000000023841857}
  m_LocalScale: {x: 1, y: 0.99999994, z: 1.0000001}
  m_Children:
  - {fileID: 2977943044114449919}
  m_Father: {fileID: 2977943044114449835}
  m_RootOrder: 0
  m_LocalEulerAnglesHint: {x: 0, y: 0, z: 0}
--- !u!1 &2977943044114749917
GameObject:
  m_ObjectHideFlags: 0
  m_CorrespondingSourceObject: {fileID: 0}
  m_PrefabInstance: {fileID: 0}
  m_PrefabAsset: {fileID: 0}
  serializedVersion: 6
  m_Component:
  - component: {fileID: 2977943044114449917}
  m_Layer: 0
  m_Name: B-f_pinky_02_L
  m_TagString: Untagged
  m_Icon: {fileID: 0}
  m_NavMeshLayer: 0
  m_StaticEditorFlags: 0
  m_IsActive: 1
--- !u!4 &2977943044114449917
Transform:
  m_ObjectHideFlags: 0
  m_CorrespondingSourceObject: {fileID: 0}
  m_PrefabInstance: {fileID: 0}
  m_PrefabAsset: {fileID: 0}
  m_GameObject: {fileID: 2977943044114749917}
  m_LocalRotation: {x: -0.000021602958, y: 0.000000805594, z: -0.00000513345, w: 1}
  m_LocalPosition: {x: -0.03277798, y: -0.000000073760745, z: 0.000000026226044}
  m_LocalScale: {x: 1, y: 1.0000001, z: 1}
  m_Children:
  - {fileID: 2977943044114449857}
  m_Father: {fileID: 2977943044114449913}
  m_RootOrder: 0
  m_LocalEulerAnglesHint: {x: 0, y: 0, z: 0}
--- !u!1 &2977943044114749919
GameObject:
  m_ObjectHideFlags: 0
  m_CorrespondingSourceObject: {fileID: 0}
  m_PrefabInstance: {fileID: 0}
  m_PrefabAsset: {fileID: 0}
  serializedVersion: 6
  m_Component:
  - component: {fileID: 2977943044114449919}
  m_Layer: 0
  m_Name: B-f_pinky_02_R
  m_TagString: Untagged
  m_Icon: {fileID: 0}
  m_NavMeshLayer: 0
  m_StaticEditorFlags: 0
  m_IsActive: 1
--- !u!4 &2977943044114449919
Transform:
  m_ObjectHideFlags: 0
  m_CorrespondingSourceObject: {fileID: 0}
  m_PrefabInstance: {fileID: 0}
  m_PrefabAsset: {fileID: 0}
  m_GameObject: {fileID: 2977943044114749919}
  m_LocalRotation: {x: 0.000021740796, y: 0.00000083632773, z: 0.0000051935203, w: 1}
  m_LocalPosition: {x: -0.032778095, y: -0.000000062584874, z: 0.00000002026558}
  m_LocalScale: {x: 1, y: 0.99999994, z: 0.99999994}
  m_Children:
  - {fileID: 2977943044114449859}
  m_Father: {fileID: 2977943044114449915}
  m_RootOrder: 0
  m_LocalEulerAnglesHint: {x: 0, y: 0, z: 0}
--- !u!1 &2977943044114749943
GameObject:
  m_ObjectHideFlags: 0
  m_CorrespondingSourceObject: {fileID: 0}
  m_PrefabInstance: {fileID: 0}
  m_PrefabAsset: {fileID: 0}
  serializedVersion: 6
  m_Component:
  - component: {fileID: 2977943044114449431}
  m_Layer: 0
  m_Name: B-upperChest
  m_TagString: Untagged
  m_Icon: {fileID: 0}
  m_NavMeshLayer: 0
  m_StaticEditorFlags: 0
  m_IsActive: 1
--- !u!4 &2977943044114449431
Transform:
  m_ObjectHideFlags: 0
  m_CorrespondingSourceObject: {fileID: 0}
  m_PrefabInstance: {fileID: 0}
  m_PrefabAsset: {fileID: 0}
  m_GameObject: {fileID: 2977943044114749943}
  m_LocalRotation: {x: 0.0000000024481734, y: 0.032427035, z: 1.7725028e-15, w: 0.9994741}
  m_LocalPosition: {x: -0.14252818, y: 0.000000010760584, z: -0.000000007152557}
  m_LocalScale: {x: 0.99999994, y: 1, z: 0.99999994}
  m_Children:
  - {fileID: 2977943044114449443}
  - {fileID: 2977943044114449841}
  - {fileID: 2977943044114449843}
  m_Father: {fileID: 2977943044114449505}
  m_RootOrder: 0
  m_LocalEulerAnglesHint: {x: 0, y: 0, z: 0}
--- !u!1 &2977943044114749945
GameObject:
  m_ObjectHideFlags: 0
  m_CorrespondingSourceObject: {fileID: 0}
  m_PrefabInstance: {fileID: 0}
  m_PrefabAsset: {fileID: 0}
  serializedVersion: 6
  m_Component:
  - component: {fileID: 2977943044114449433}
  m_Layer: 0
  m_Name: Dummy
  m_TagString: Untagged
  m_Icon: {fileID: 0}
  m_NavMeshLayer: 0
  m_StaticEditorFlags: 0
  m_IsActive: 1
--- !u!4 &2977943044114449433
Transform:
  m_ObjectHideFlags: 0
  m_CorrespondingSourceObject: {fileID: 0}
  m_PrefabInstance: {fileID: 0}
  m_PrefabAsset: {fileID: 0}
  m_GameObject: {fileID: 2977943044114749945}
  m_LocalRotation: {x: 0.000000021855694, y: 0, z: -0, w: 1}
  m_LocalPosition: {x: -0, y: 0, z: 0}
  m_LocalScale: {x: 1, y: 1, z: 1}
  m_Children:
  - {fileID: 2977943044114449441}
  m_Father: {fileID: 2977943044114449435}
  m_RootOrder: 0
  m_LocalEulerAnglesHint: {x: 0, y: 0, z: 0}
--- !u!1 &2977943044114749947
GameObject:
  m_ObjectHideFlags: 0
  m_CorrespondingSourceObject: {fileID: 0}
  m_PrefabInstance: {fileID: 0}
  m_PrefabAsset: {fileID: 0}
  serializedVersion: 6
  m_Component:
  - component: {fileID: 2977943044114449435}
  - component: {fileID: 2977943044107496321}
  m_Layer: 0
  m_Name: Man_WB
  m_TagString: Untagged
  m_Icon: {fileID: 0}
  m_NavMeshLayer: 0
  m_StaticEditorFlags: 0
  m_IsActive: 1
--- !u!4 &2977943044114449435
Transform:
  m_ObjectHideFlags: 0
  m_CorrespondingSourceObject: {fileID: 0}
  m_PrefabInstance: {fileID: 0}
  m_PrefabAsset: {fileID: 0}
  m_GameObject: {fileID: 2977943044114749947}
  m_LocalRotation: {x: 0, y: 0.7071068, z: 0, w: 0.7071068}
  m_LocalPosition: {x: -2.143, y: 0.00000023841858, z: -2.434}
  m_LocalScale: {x: 1, y: 1, z: 1}
  m_Children:
  - {fileID: 2977943044114449433}
  - {fileID: 2977943044114449439}
  m_Father: {fileID: 0}
  m_RootOrder: 0
  m_LocalEulerAnglesHint: {x: 0, y: 90, z: 0}
--- !u!95 &2977943044107496321
Animator:
  serializedVersion: 3
  m_ObjectHideFlags: 0
  m_CorrespondingSourceObject: {fileID: 0}
  m_PrefabInstance: {fileID: 0}
  m_PrefabAsset: {fileID: 0}
  m_GameObject: {fileID: 2977943044114749947}
  m_Enabled: 1
  m_Avatar: {fileID: 9000000, guid: 317a56890b5c8e74ab1d492a2c7fb608, type: 3}
  m_Controller: {fileID: 0}
  m_CullingMode: 1
  m_UpdateMode: 0
  m_ApplyRootMotion: 1
  m_LinearVelocityBlending: 0
  m_WarningMessage: 
  m_HasTransformHierarchy: 1
  m_AllowConstantClipSamplingOptimization: 1
  m_KeepAnimatorControllerStateOnDisable: 0
--- !u!1 &2977943044114749951
GameObject:
  m_ObjectHideFlags: 0
  m_CorrespondingSourceObject: {fileID: 0}
  m_PrefabInstance: {fileID: 0}
  m_PrefabAsset: {fileID: 0}
  serializedVersion: 6
  m_Component:
  - component: {fileID: 2977943044114449439}
  - component: {fileID: 2977943044103247171}
  m_Layer: 0
  m_Name: MaleDummy_Mesh
  m_TagString: Untagged
  m_Icon: {fileID: 0}
  m_NavMeshLayer: 0
  m_StaticEditorFlags: 0
  m_IsActive: 1
--- !u!4 &2977943044114449439
Transform:
  m_ObjectHideFlags: 0
  m_CorrespondingSourceObject: {fileID: 0}
  m_PrefabInstance: {fileID: 0}
  m_PrefabAsset: {fileID: 0}
  m_GameObject: {fileID: 2977943044114749951}
  m_LocalRotation: {x: 0.70710695, y: 0, z: -0, w: 0.7071066}
  m_LocalPosition: {x: -0, y: 0, z: -1.4901147e-10}
  m_LocalScale: {x: 1, y: 1, z: 1}
  m_Children: []
  m_Father: {fileID: 2977943044114449435}
  m_RootOrder: 1
  m_LocalEulerAnglesHint: {x: 0, y: 0, z: 0}
--- !u!137 &2977943044103247171
SkinnedMeshRenderer:
  m_ObjectHideFlags: 0
  m_CorrespondingSourceObject: {fileID: 0}
  m_PrefabInstance: {fileID: 0}
  m_PrefabAsset: {fileID: 0}
  m_GameObject: {fileID: 2977943044114749951}
  m_Enabled: 1
  m_CastShadows: 1
  m_ReceiveShadows: 1
  m_DynamicOccludee: 1
  m_MotionVectors: 1
  m_LightProbeUsage: 1
  m_ReflectionProbeUsage: 1
  m_RayTracingMode: 3
  m_RayTraceProcedural: 0
  m_RenderingLayerMask: 1
  m_RendererPriority: 0
  m_Materials:
  - {fileID: 2100000, guid: 8a5fd452e648d0d4b98cc6b192c52139, type: 2}
  m_StaticBatchInfo:
    firstSubMesh: 0
    subMeshCount: 0
  m_StaticBatchRoot: {fileID: 0}
  m_ProbeAnchor: {fileID: 0}
  m_LightProbeVolumeOverride: {fileID: 0}
  m_ScaleInLightmap: 1
  m_ReceiveGI: 1
  m_PreserveUVs: 0
  m_IgnoreNormalsForChartDetection: 0
  m_ImportantGI: 0
  m_StitchLightmapSeams: 1
  m_SelectedEditorRenderState: 3
  m_MinimumChartSize: 4
  m_AutoUVMaxDistance: 0.5
  m_AutoUVMaxAngle: 89
  m_LightmapParameters: {fileID: 0}
  m_SortingLayerID: 0
  m_SortingLayer: 0
  m_SortingOrder: 0
  serializedVersion: 2
  m_Quality: 0
  m_UpdateWhenOffscreen: 0
  m_SkinnedMotionVectors: 1
  m_Mesh: {fileID: 4300000, guid: 317a56890b5c8e74ab1d492a2c7fb608, type: 3}
  m_Bones:
  - {fileID: 2977943044114449441}
  - {fileID: 2977943044114449469}
  - {fileID: 2977943044114449505}
  - {fileID: 2977943044114449431}
  - {fileID: 2977943044114449443}
  - {fileID: 2977943044114449503}
  - {fileID: 2977943044114449841}
  - {fileID: 2977943044114449801}
  - {fileID: 2977943044114449877}
  - {fileID: 2977943044114449881}
  - {fileID: 2977943044114449889}
  - {fileID: 2977943044114449893}
  - {fileID: 2977943044114449897}
  - {fileID: 2977943044114449849}
  - {fileID: 2977943044114449853}
  - {fileID: 2977943044114449793}
  - {fileID: 2977943044114449901}
  - {fileID: 2977943044114449905}
  - {fileID: 2977943044114449909}
  - {fileID: 2977943044114449861}
  - {fileID: 2977943044114449865}
  - {fileID: 2977943044114449869}
  - {fileID: 2977943044114449913}
  - {fileID: 2977943044114449917}
  - {fileID: 2977943044114449857}
  - {fileID: 2977943044114449843}
  - {fileID: 2977943044114449803}
  - {fileID: 2977943044114449879}
  - {fileID: 2977943044114449883}
  - {fileID: 2977943044114449891}
  - {fileID: 2977943044114449895}
  - {fileID: 2977943044114449899}
  - {fileID: 2977943044114449851}
  - {fileID: 2977943044114449855}
  - {fileID: 2977943044114449795}
  - {fileID: 2977943044114449903}
  - {fileID: 2977943044114449907}
  - {fileID: 2977943044114449911}
  - {fileID: 2977943044114449863}
  - {fileID: 2977943044114449867}
  - {fileID: 2977943044114449871}
  - {fileID: 2977943044114449915}
  - {fileID: 2977943044114449919}
  - {fileID: 2977943044114449859}
  - {fileID: 2977943044114449845}
  - {fileID: 2977943044114449837}
  - {fileID: 2977943044114449873}
  - {fileID: 2977943044114449797}
  - {fileID: 2977943044114449847}
  - {fileID: 2977943044114449839}
  - {fileID: 2977943044114449875}
  - {fileID: 2977943044114449799}
  m_BlendShapeWeights: []
  m_RootBone: {fileID: 2977943044114449441}
  m_AABB:
    m_Center: {x: 0.0016462803, y: 0.00000020861626, z: 0.03639815}
    m_Extent: {x: 0.9924226, y: 0.9069464, z: 0.24306375}
  m_DirtyAABB: 0
