%YAML 1.1
%TAG !u! tag:unity3d.com,2011:
--- !u!65 &3241171524312660740
BoxCollider:
  m_ObjectHideFlags: 0
  m_CorrespondingSourceObject: {fileID: 0}
  m_PrefabInstance: {fileID: 0}
  m_PrefabAsset: {fileID: 0}
  m_GameObject: {fileID: 5211022811742482665}
  m_Material: {fileID: 0}
  m_IsTrigger: 0
  m_Enabled: 1
  serializedVersion: 2
  m_Size: {x: 0.36241508, y: 24.110203, z: 7.101676}
  m_Center: {x: 0.039848924, y: -3.021328, z: -0.013412476}
--- !u!65 &1761476394972534698
BoxCollider:
  m_ObjectHideFlags: 0
  m_CorrespondingSourceObject: {fileID: 0}
  m_PrefabInstance: {fileID: 0}
  m_PrefabAsset: {fileID: 0}
  m_GameObject: {fileID: 5211022811742482665}
  m_Material: {fileID: 0}
  m_IsTrigger: 0
  m_Enabled: 1
  serializedVersion: 2
  m_Size: {x: 0.30608368, y: 6.12912, z: 18.618294}
  m_Center: {x: 0.011192322, y: -12.052929, z: -12.709883}
--- !u!65 &5189210351282083856
BoxCollider:
  m_ObjectHideFlags: 0
  m_CorrespondingSourceObject: {fileID: 0}
  m_PrefabInstance: {fileID: 0}
  m_PrefabAsset: {fileID: 0}
  m_GameObject: {fileID: 5211022811742482665}
  m_Material: {fileID: 0}
  m_IsTrigger: 0
  m_Enabled: 1
  serializedVersion: 2
  m_Size: {x: 4.128153, y: 18.146858, z: 0.6015096}
  m_Center: {x: -1.8629417, y: 0.019985199, z: -3.2277725}
--- !u!65 &5786143231859627342
BoxCollider:
  m_ObjectHideFlags: 0
  m_CorrespondingSourceObject: {fileID: 0}
  m_PrefabInstance: {fileID: 0}
  m_PrefabAsset: {fileID: 0}
  m_GameObject: {fileID: 5211022811742482665}
  m_Material: {fileID: 0}
  m_IsTrigger: 0
  m_Enabled: 1
  serializedVersion: 2
  m_Size: {x: 4.148077, y: 24.105947, z: 0.5417361}
  m_Center: {x: -1.8729038, y: -3.0395002, z: 3.2576592}
--- !u!65 &3193400726230435372
BoxCollider:
  m_ObjectHideFlags: 0
  m_CorrespondingSourceObject: {fileID: 0}
  m_PrefabInstance: {fileID: 0}
  m_PrefabAsset: {fileID: 0}
  m_GameObject: {fileID: 5211022811742482665}
  m_Material: {fileID: 0}
  m_IsTrigger: 0
  m_Enabled: 1
  serializedVersion: 2
  m_Size: {x: 16.308771, y: 6.1273727, z: 0.2459507}
  m_Center: {x: 7.9929056, y: -12.056047, z: -21.92294}
--- !u!1 &6486657274160227685
GameObject:
  m_ObjectHideFlags: 0
  m_CorrespondingSourceObject: {fileID: 0}
  m_PrefabInstance: {fileID: 0}
  m_PrefabAsset: {fileID: 0}
  serializedVersion: 6
  m_Component:
  - component: {fileID: 383196549166818607}
  m_Layer: 0
  m_Name: Pasarela_prefab
  m_TagString: Untagged
  m_Icon: {fileID: 0}
  m_NavMeshLayer: 0
  m_StaticEditorFlags: 0
  m_IsActive: 1
--- !u!4 &383196549166818607
Transform:
  m_ObjectHideFlags: 0
  m_CorrespondingSourceObject: {fileID: 0}
  m_PrefabInstance: {fileID: 0}
  m_PrefabAsset: {fileID: 0}
  m_GameObject: {fileID: 6486657274160227685}
  m_LocalRotation: {x: 0, y: 0, z: 0, w: 1}
  m_LocalPosition: {x: 0, y: 0, z: 0}
  m_LocalScale: {x: 1, y: 1, z: 1}
  m_Children:
  - {fileID: 4835341044829547091}
  m_Father: {fileID: 0}
  m_RootOrder: 0
  m_LocalEulerAnglesHint: {x: 0, y: 0, z: 0}
--- !u!1001 &4940497662556442040
PrefabInstance:
  m_ObjectHideFlags: 0
  serializedVersion: 2
  m_Modification:
    m_TransformParent: {fileID: 383196549166818607}
    m_Modifications:
    - target: {fileID: -8679921383154817045, guid: b3b74694cfa6a144dbe7697022c85906, type: 3}
      propertyPath: m_RootOrder
      value: 0
      objectReference: {fileID: 0}
    - target: {fileID: -8679921383154817045, guid: b3b74694cfa6a144dbe7697022c85906, type: 3}
      propertyPath: m_LocalPosition.x
      value: 0
      objectReference: {fileID: 0}
    - target: {fileID: -8679921383154817045, guid: b3b74694cfa6a144dbe7697022c85906, type: 3}
      propertyPath: m_LocalPosition.y
      value: 0
      objectReference: {fileID: 0}
    - target: {fileID: -8679921383154817045, guid: b3b74694cfa6a144dbe7697022c85906, type: 3}
      propertyPath: m_LocalPosition.z
      value: 0
      objectReference: {fileID: 0}
    - target: {fileID: -8679921383154817045, guid: b3b74694cfa6a144dbe7697022c85906, type: 3}
      propertyPath: m_LocalRotation.w
      value: 1
      objectReference: {fileID: 0}
    - target: {fileID: -8679921383154817045, guid: b3b74694cfa6a144dbe7697022c85906, type: 3}
      propertyPath: m_LocalRotation.x
      value: -0
      objectReference: {fileID: 0}
    - target: {fileID: -8679921383154817045, guid: b3b74694cfa6a144dbe7697022c85906, type: 3}
      propertyPath: m_LocalRotation.y
      value: -0
      objectReference: {fileID: 0}
    - target: {fileID: -8679921383154817045, guid: b3b74694cfa6a144dbe7697022c85906, type: 3}
      propertyPath: m_LocalRotation.z
      value: -0
      objectReference: {fileID: 0}
    - target: {fileID: -8679921383154817045, guid: b3b74694cfa6a144dbe7697022c85906, type: 3}
      propertyPath: m_LocalEulerAnglesHint.x
      value: 0
      objectReference: {fileID: 0}
    - target: {fileID: -8679921383154817045, guid: b3b74694cfa6a144dbe7697022c85906, type: 3}
      propertyPath: m_LocalEulerAnglesHint.y
      value: 0
      objectReference: {fileID: 0}
    - target: {fileID: -8679921383154817045, guid: b3b74694cfa6a144dbe7697022c85906, type: 3}
      propertyPath: m_LocalEulerAnglesHint.z
      value: 0
      objectReference: {fileID: 0}
    - target: {fileID: -7635826562936255635, guid: b3b74694cfa6a144dbe7697022c85906, type: 3}
      propertyPath: m_Materials.Array.data[0]
      value: 
      objectReference: {fileID: 2100000, guid: 5e6f11993decafb4380027dbf0d1e3ca, type: 2}
    - target: {fileID: 919132149155446097, guid: b3b74694cfa6a144dbe7697022c85906, type: 3}
      propertyPath: m_Name
      value: Pasarela
      objectReference: {fileID: 0}
    m_RemovedComponents: []
  m_SourcePrefab: {fileID: 100100000, guid: b3b74694cfa6a144dbe7697022c85906, type: 3}
--- !u!1 &5211022811742482665 stripped
GameObject:
  m_CorrespondingSourceObject: {fileID: 919132149155446097, guid: b3b74694cfa6a144dbe7697022c85906, type: 3}
  m_PrefabInstance: {fileID: 4940497662556442040}
  m_PrefabAsset: {fileID: 0}
--- !u!4 &4835341044829547091 stripped
Transform:
  m_CorrespondingSourceObject: {fileID: -8679921383154817045, guid: b3b74694cfa6a144dbe7697022c85906, type: 3}
  m_PrefabInstance: {fileID: 4940497662556442040}
  m_PrefabAsset: {fileID: 0}
