%YAML 1.1
%TAG !u! tag:unity3d.com,2011:
--- !u!1 &4945139389298676304
GameObject:
  m_ObjectHideFlags: 0
  m_CorrespondingSourceObject: {fileID: 0}
  m_PrefabInstance: {fileID: 0}
  m_PrefabAsset: {fileID: 0}
  serializedVersion: 6
  m_Component:
  - component: {fileID: 4945139389298676303}
  - component: {fileID: 4945139389298676302}
  m_Layer: 5
  m_Name: Inputs
  m_TagString: Untagged
  m_Icon: {fileID: 0}
  m_NavMeshLayer: 0
  m_StaticEditorFlags: 0
  m_IsActive: 1
--- !u!224 &4945139389298676303
RectTransform:
  m_ObjectHideFlags: 0
  m_CorrespondingSourceObject: {fileID: 0}
  m_PrefabInstance: {fileID: 0}
  m_PrefabAsset: {fileID: 0}
  m_GameObject: {fileID: 4945139389298676304}
  m_LocalRotation: {x: 0, y: 0, z: 0, w: 1}
  m_LocalPosition: {x: 0, y: 0, z: 0}
  m_LocalScale: {x: 1, y: 1, z: 1}
  m_Children:
  - {fileID: 4945139389169631525}
  - {fileID: 5896325136550467411}
  - {fileID: 3022720191099061596}
  - {fileID: 5590998607891892039}
  - {fileID: 8128387425233822151}
  m_Father: {fileID: 0}
  m_RootOrder: 0
  m_LocalEulerAnglesHint: {x: 0, y: 0, z: 0}
  m_AnchorMin: {x: 0, y: 0}
  m_AnchorMax: {x: 0, y: 0}
  m_AnchoredPosition: {x: 0, y: 0}
  m_SizeDelta: {x: 1220, y: 75}
  m_Pivot: {x: 0.5, y: 0.5}
--- !u!114 &4945139389298676302
MonoBehaviour:
  m_ObjectHideFlags: 0
  m_CorrespondingSourceObject: {fileID: 0}
  m_PrefabInstance: {fileID: 0}
  m_PrefabAsset: {fileID: 0}
  m_GameObject: {fileID: 4945139389298676304}
  m_Enabled: 1
  m_EditorHideFlags: 0
  m_Script: {fileID: 11500000, guid: 30649d3a9faa99c48a7b1166b86bf2a0, type: 3}
  m_Name: 
  m_EditorClassIdentifier: 
  m_Padding:
    m_Left: 0
    m_Right: 0
    m_Top: 0
    m_Bottom: 0
  m_ChildAlignment: 3
  m_Spacing: 40
  m_ChildForceExpandWidth: 0
  m_ChildForceExpandHeight: 0
  m_ChildControlWidth: 1
  m_ChildControlHeight: 1
  m_ChildScaleWidth: 0
  m_ChildScaleHeight: 0
  m_ReverseArrangement: 0
--- !u!1001 &3750838480312211965
PrefabInstance:
  m_ObjectHideFlags: 0
  serializedVersion: 2
  m_Modification:
    m_TransformParent: {fileID: 4945139389298676303}
    m_Modifications:
    - target: {fileID: 2161582986276662090, guid: 4631d13443574ce4594064f3c883b52b, type: 3}
      propertyPath: m_AnchorMax.y
      value: 0
      objectReference: {fileID: 0}
    - target: {fileID: 2161582986276662090, guid: 4631d13443574ce4594064f3c883b52b, type: 3}
      propertyPath: m_AnchorMin.y
      value: 0
      objectReference: {fileID: 0}
    - target: {fileID: 2161582986276662090, guid: 4631d13443574ce4594064f3c883b52b, type: 3}
      propertyPath: m_AnchoredPosition.x
      value: 0
      objectReference: {fileID: 0}
    - target: {fileID: 2161582986276662090, guid: 4631d13443574ce4594064f3c883b52b, type: 3}
      propertyPath: m_AnchoredPosition.y
      value: 0
      objectReference: {fileID: 0}
    - target: {fileID: 2161582986663071814, guid: 4631d13443574ce4594064f3c883b52b, type: 3}
      propertyPath: m_text
      value: 'Delete

'
      objectReference: {fileID: 0}
    - target: {fileID: 2161582986663071815, guid: 4631d13443574ce4594064f3c883b52b, type: 3}
      propertyPath: m_AnchorMax.y
      value: 0
      objectReference: {fileID: 0}
    - target: {fileID: 2161582986663071815, guid: 4631d13443574ce4594064f3c883b52b, type: 3}
      propertyPath: m_AnchorMin.y
      value: 0
      objectReference: {fileID: 0}
    - target: {fileID: 2161582986663071815, guid: 4631d13443574ce4594064f3c883b52b, type: 3}
      propertyPath: m_AnchoredPosition.x
      value: 0
      objectReference: {fileID: 0}
    - target: {fileID: 2161582986663071815, guid: 4631d13443574ce4594064f3c883b52b, type: 3}
      propertyPath: m_AnchoredPosition.y
      value: 0
      objectReference: {fileID: 0}
    - target: {fileID: 2161582987076721825, guid: 4631d13443574ce4594064f3c883b52b, type: 3}
      propertyPath: m_Pivot.x
      value: 0.5
      objectReference: {fileID: 0}
    - target: {fileID: 2161582987076721825, guid: 4631d13443574ce4594064f3c883b52b, type: 3}
      propertyPath: m_Pivot.y
      value: 0.5
      objectReference: {fileID: 0}
    - target: {fileID: 2161582987076721825, guid: 4631d13443574ce4594064f3c883b52b, type: 3}
      propertyPath: m_RootOrder
      value: 2
      objectReference: {fileID: 0}
    - target: {fileID: 2161582987076721825, guid: 4631d13443574ce4594064f3c883b52b, type: 3}
      propertyPath: m_AnchorMax.x
      value: 0
      objectReference: {fileID: 0}
    - target: {fileID: 2161582987076721825, guid: 4631d13443574ce4594064f3c883b52b, type: 3}
      propertyPath: m_AnchorMax.y
      value: 0
      objectReference: {fileID: 0}
    - target: {fileID: 2161582987076721825, guid: 4631d13443574ce4594064f3c883b52b, type: 3}
      propertyPath: m_AnchorMin.x
      value: 0
      objectReference: {fileID: 0}
    - target: {fileID: 2161582987076721825, guid: 4631d13443574ce4594064f3c883b52b, type: 3}
      propertyPath: m_AnchorMin.y
      value: 0
      objectReference: {fileID: 0}
    - target: {fileID: 2161582987076721825, guid: 4631d13443574ce4594064f3c883b52b, type: 3}
      propertyPath: m_SizeDelta.x
      value: 0
      objectReference: {fileID: 0}
    - target: {fileID: 2161582987076721825, guid: 4631d13443574ce4594064f3c883b52b, type: 3}
      propertyPath: m_SizeDelta.y
      value: 0
      objectReference: {fileID: 0}
    - target: {fileID: 2161582987076721825, guid: 4631d13443574ce4594064f3c883b52b, type: 3}
      propertyPath: m_LocalPosition.x
      value: 0
      objectReference: {fileID: 0}
    - target: {fileID: 2161582987076721825, guid: 4631d13443574ce4594064f3c883b52b, type: 3}
      propertyPath: m_LocalPosition.y
      value: 0
      objectReference: {fileID: 0}
    - target: {fileID: 2161582987076721825, guid: 4631d13443574ce4594064f3c883b52b, type: 3}
      propertyPath: m_LocalPosition.z
      value: 0
      objectReference: {fileID: 0}
    - target: {fileID: 2161582987076721825, guid: 4631d13443574ce4594064f3c883b52b, type: 3}
      propertyPath: m_LocalRotation.w
      value: 1
      objectReference: {fileID: 0}
    - target: {fileID: 2161582987076721825, guid: 4631d13443574ce4594064f3c883b52b, type: 3}
      propertyPath: m_LocalRotation.x
      value: 0
      objectReference: {fileID: 0}
    - target: {fileID: 2161582987076721825, guid: 4631d13443574ce4594064f3c883b52b, type: 3}
      propertyPath: m_LocalRotation.y
      value: 0
      objectReference: {fileID: 0}
    - target: {fileID: 2161582987076721825, guid: 4631d13443574ce4594064f3c883b52b, type: 3}
      propertyPath: m_LocalRotation.z
      value: 0
      objectReference: {fileID: 0}
    - target: {fileID: 2161582987076721825, guid: 4631d13443574ce4594064f3c883b52b, type: 3}
      propertyPath: m_AnchoredPosition.x
      value: 0
      objectReference: {fileID: 0}
    - target: {fileID: 2161582987076721825, guid: 4631d13443574ce4594064f3c883b52b, type: 3}
      propertyPath: m_AnchoredPosition.y
      value: 0
      objectReference: {fileID: 0}
    - target: {fileID: 2161582987076721825, guid: 4631d13443574ce4594064f3c883b52b, type: 3}
      propertyPath: m_LocalEulerAnglesHint.x
      value: 0
      objectReference: {fileID: 0}
    - target: {fileID: 2161582987076721825, guid: 4631d13443574ce4594064f3c883b52b, type: 3}
      propertyPath: m_LocalEulerAnglesHint.y
      value: 0
      objectReference: {fileID: 0}
    - target: {fileID: 2161582987076721825, guid: 4631d13443574ce4594064f3c883b52b, type: 3}
      propertyPath: m_LocalEulerAnglesHint.z
      value: 0
      objectReference: {fileID: 0}
    - target: {fileID: 2161582987076721826, guid: 4631d13443574ce4594064f3c883b52b, type: 3}
      propertyPath: m_Name
      value: Delete
      objectReference: {fileID: 0}
    - target: {fileID: 4115802854018877441, guid: 4631d13443574ce4594064f3c883b52b, type: 3}
      propertyPath: m_AnchorMax.y
      value: 0
      objectReference: {fileID: 0}
    - target: {fileID: 4115802854018877441, guid: 4631d13443574ce4594064f3c883b52b, type: 3}
      propertyPath: m_AnchorMin.y
      value: 0
      objectReference: {fileID: 0}
    - target: {fileID: 4115802854018877441, guid: 4631d13443574ce4594064f3c883b52b, type: 3}
      propertyPath: m_AnchoredPosition.x
      value: 0
      objectReference: {fileID: 0}
    - target: {fileID: 4115802854018877441, guid: 4631d13443574ce4594064f3c883b52b, type: 3}
      propertyPath: m_AnchoredPosition.y
      value: 0
      objectReference: {fileID: 0}
    m_RemovedComponents: []
  m_SourcePrefab: {fileID: 100100000, guid: 4631d13443574ce4594064f3c883b52b, type: 3}
--- !u!224 &3022720191099061596 stripped
RectTransform:
  m_CorrespondingSourceObject: {fileID: 2161582987076721825, guid: 4631d13443574ce4594064f3c883b52b, type: 3}
  m_PrefabInstance: {fileID: 3750838480312211965}
  m_PrefabAsset: {fileID: 0}
--- !u!1001 &5488911848100088818
PrefabInstance:
  m_ObjectHideFlags: 0
  serializedVersion: 2
  m_Modification:
    m_TransformParent: {fileID: 4945139389298676303}
    m_Modifications:
    - target: {fileID: 2161582986276662090, guid: 4631d13443574ce4594064f3c883b52b, type: 3}
      propertyPath: m_AnchorMax.y
      value: 0
      objectReference: {fileID: 0}
    - target: {fileID: 2161582986276662090, guid: 4631d13443574ce4594064f3c883b52b, type: 3}
      propertyPath: m_AnchorMin.y
      value: 0
      objectReference: {fileID: 0}
    - target: {fileID: 2161582986276662090, guid: 4631d13443574ce4594064f3c883b52b, type: 3}
      propertyPath: m_AnchoredPosition.x
      value: 0
      objectReference: {fileID: 0}
    - target: {fileID: 2161582986276662090, guid: 4631d13443574ce4594064f3c883b52b, type: 3}
      propertyPath: m_AnchoredPosition.y
      value: 0
      objectReference: {fileID: 0}
    - target: {fileID: 2161582986663071814, guid: 4631d13443574ce4594064f3c883b52b, type: 3}
      propertyPath: m_text
      value: Select
      objectReference: {fileID: 0}
    - target: {fileID: 2161582986663071815, guid: 4631d13443574ce4594064f3c883b52b, type: 3}
      propertyPath: m_AnchorMax.y
      value: 0
      objectReference: {fileID: 0}
    - target: {fileID: 2161582986663071815, guid: 4631d13443574ce4594064f3c883b52b, type: 3}
      propertyPath: m_AnchorMin.y
      value: 0
      objectReference: {fileID: 0}
    - target: {fileID: 2161582986663071815, guid: 4631d13443574ce4594064f3c883b52b, type: 3}
      propertyPath: m_AnchoredPosition.x
      value: 0
      objectReference: {fileID: 0}
    - target: {fileID: 2161582986663071815, guid: 4631d13443574ce4594064f3c883b52b, type: 3}
      propertyPath: m_AnchoredPosition.y
      value: 0
      objectReference: {fileID: 0}
    - target: {fileID: 2161582987076721825, guid: 4631d13443574ce4594064f3c883b52b, type: 3}
      propertyPath: m_Pivot.x
      value: 0.5
      objectReference: {fileID: 0}
    - target: {fileID: 2161582987076721825, guid: 4631d13443574ce4594064f3c883b52b, type: 3}
      propertyPath: m_Pivot.y
      value: 0.5
      objectReference: {fileID: 0}
    - target: {fileID: 2161582987076721825, guid: 4631d13443574ce4594064f3c883b52b, type: 3}
      propertyPath: m_RootOrder
      value: 1
      objectReference: {fileID: 0}
    - target: {fileID: 2161582987076721825, guid: 4631d13443574ce4594064f3c883b52b, type: 3}
      propertyPath: m_AnchorMax.x
      value: 0
      objectReference: {fileID: 0}
    - target: {fileID: 2161582987076721825, guid: 4631d13443574ce4594064f3c883b52b, type: 3}
      propertyPath: m_AnchorMax.y
      value: 0
      objectReference: {fileID: 0}
    - target: {fileID: 2161582987076721825, guid: 4631d13443574ce4594064f3c883b52b, type: 3}
      propertyPath: m_AnchorMin.x
      value: 0
      objectReference: {fileID: 0}
    - target: {fileID: 2161582987076721825, guid: 4631d13443574ce4594064f3c883b52b, type: 3}
      propertyPath: m_AnchorMin.y
      value: 0
      objectReference: {fileID: 0}
    - target: {fileID: 2161582987076721825, guid: 4631d13443574ce4594064f3c883b52b, type: 3}
      propertyPath: m_SizeDelta.x
      value: 0
      objectReference: {fileID: 0}
    - target: {fileID: 2161582987076721825, guid: 4631d13443574ce4594064f3c883b52b, type: 3}
      propertyPath: m_SizeDelta.y
      value: 0
      objectReference: {fileID: 0}
    - target: {fileID: 2161582987076721825, guid: 4631d13443574ce4594064f3c883b52b, type: 3}
      propertyPath: m_LocalPosition.x
      value: 0
      objectReference: {fileID: 0}
    - target: {fileID: 2161582987076721825, guid: 4631d13443574ce4594064f3c883b52b, type: 3}
      propertyPath: m_LocalPosition.y
      value: 0
      objectReference: {fileID: 0}
    - target: {fileID: 2161582987076721825, guid: 4631d13443574ce4594064f3c883b52b, type: 3}
      propertyPath: m_LocalPosition.z
      value: 0
      objectReference: {fileID: 0}
    - target: {fileID: 2161582987076721825, guid: 4631d13443574ce4594064f3c883b52b, type: 3}
      propertyPath: m_LocalRotation.w
      value: 1
      objectReference: {fileID: 0}
    - target: {fileID: 2161582987076721825, guid: 4631d13443574ce4594064f3c883b52b, type: 3}
      propertyPath: m_LocalRotation.x
      value: 0
      objectReference: {fileID: 0}
    - target: {fileID: 2161582987076721825, guid: 4631d13443574ce4594064f3c883b52b, type: 3}
      propertyPath: m_LocalRotation.y
      value: 0
      objectReference: {fileID: 0}
    - target: {fileID: 2161582987076721825, guid: 4631d13443574ce4594064f3c883b52b, type: 3}
      propertyPath: m_LocalRotation.z
      value: 0
      objectReference: {fileID: 0}
    - target: {fileID: 2161582987076721825, guid: 4631d13443574ce4594064f3c883b52b, type: 3}
      propertyPath: m_AnchoredPosition.x
      value: 0
      objectReference: {fileID: 0}
    - target: {fileID: 2161582987076721825, guid: 4631d13443574ce4594064f3c883b52b, type: 3}
      propertyPath: m_AnchoredPosition.y
      value: 0
      objectReference: {fileID: 0}
    - target: {fileID: 2161582987076721825, guid: 4631d13443574ce4594064f3c883b52b, type: 3}
      propertyPath: m_LocalEulerAnglesHint.x
      value: 0
      objectReference: {fileID: 0}
    - target: {fileID: 2161582987076721825, guid: 4631d13443574ce4594064f3c883b52b, type: 3}
      propertyPath: m_LocalEulerAnglesHint.y
      value: 0
      objectReference: {fileID: 0}
    - target: {fileID: 2161582987076721825, guid: 4631d13443574ce4594064f3c883b52b, type: 3}
      propertyPath: m_LocalEulerAnglesHint.z
      value: 0
      objectReference: {fileID: 0}
    - target: {fileID: 2161582987076721826, guid: 4631d13443574ce4594064f3c883b52b, type: 3}
      propertyPath: m_Name
      value: Select
      objectReference: {fileID: 0}
    - target: {fileID: 4115802854018877441, guid: 4631d13443574ce4594064f3c883b52b, type: 3}
      propertyPath: m_AnchorMax.y
      value: 0
      objectReference: {fileID: 0}
    - target: {fileID: 4115802854018877441, guid: 4631d13443574ce4594064f3c883b52b, type: 3}
      propertyPath: m_AnchorMin.y
      value: 0
      objectReference: {fileID: 0}
    - target: {fileID: 4115802854018877441, guid: 4631d13443574ce4594064f3c883b52b, type: 3}
      propertyPath: m_AnchoredPosition.x
      value: 0
      objectReference: {fileID: 0}
    - target: {fileID: 4115802854018877441, guid: 4631d13443574ce4594064f3c883b52b, type: 3}
      propertyPath: m_AnchoredPosition.y
      value: 0
      objectReference: {fileID: 0}
    m_RemovedComponents: []
  m_SourcePrefab: {fileID: 100100000, guid: 4631d13443574ce4594064f3c883b52b, type: 3}
--- !u!224 &5896325136550467411 stripped
RectTransform:
  m_CorrespondingSourceObject: {fileID: 2161582987076721825, guid: 4631d13443574ce4594064f3c883b52b, type: 3}
  m_PrefabInstance: {fileID: 5488911848100088818}
  m_PrefabAsset: {fileID: 0}
--- !u!1001 &5793964323410140134
PrefabInstance:
  m_ObjectHideFlags: 0
  serializedVersion: 2
  m_Modification:
    m_TransformParent: {fileID: 4945139389298676303}
    m_Modifications:
    - target: {fileID: 2161582986276662090, guid: 4631d13443574ce4594064f3c883b52b, type: 3}
      propertyPath: m_AnchorMax.y
      value: 0
      objectReference: {fileID: 0}
    - target: {fileID: 2161582986276662090, guid: 4631d13443574ce4594064f3c883b52b, type: 3}
      propertyPath: m_AnchorMin.y
      value: 0
      objectReference: {fileID: 0}
    - target: {fileID: 2161582986276662090, guid: 4631d13443574ce4594064f3c883b52b, type: 3}
      propertyPath: m_AnchoredPosition.x
      value: 0
      objectReference: {fileID: 0}
    - target: {fileID: 2161582986276662090, guid: 4631d13443574ce4594064f3c883b52b, type: 3}
      propertyPath: m_AnchoredPosition.y
      value: 0
      objectReference: {fileID: 0}
    - target: {fileID: 2161582986663071814, guid: 4631d13443574ce4594064f3c883b52b, type: 3}
      propertyPath: m_text
      value: Reset
      objectReference: {fileID: 0}
    - target: {fileID: 2161582986663071815, guid: 4631d13443574ce4594064f3c883b52b, type: 3}
      propertyPath: m_AnchorMax.y
      value: 0
      objectReference: {fileID: 0}
    - target: {fileID: 2161582986663071815, guid: 4631d13443574ce4594064f3c883b52b, type: 3}
      propertyPath: m_AnchorMin.y
      value: 0
      objectReference: {fileID: 0}
    - target: {fileID: 2161582986663071815, guid: 4631d13443574ce4594064f3c883b52b, type: 3}
      propertyPath: m_AnchoredPosition.x
      value: 0
      objectReference: {fileID: 0}
    - target: {fileID: 2161582986663071815, guid: 4631d13443574ce4594064f3c883b52b, type: 3}
      propertyPath: m_AnchoredPosition.y
      value: 0
      objectReference: {fileID: 0}
    - target: {fileID: 2161582987076721825, guid: 4631d13443574ce4594064f3c883b52b, type: 3}
      propertyPath: m_Pivot.x
      value: 0.5
      objectReference: {fileID: 0}
    - target: {fileID: 2161582987076721825, guid: 4631d13443574ce4594064f3c883b52b, type: 3}
      propertyPath: m_Pivot.y
      value: 0.5
      objectReference: {fileID: 0}
    - target: {fileID: 2161582987076721825, guid: 4631d13443574ce4594064f3c883b52b, type: 3}
      propertyPath: m_RootOrder
      value: 3
      objectReference: {fileID: 0}
    - target: {fileID: 2161582987076721825, guid: 4631d13443574ce4594064f3c883b52b, type: 3}
      propertyPath: m_AnchorMax.x
      value: 0
      objectReference: {fileID: 0}
    - target: {fileID: 2161582987076721825, guid: 4631d13443574ce4594064f3c883b52b, type: 3}
      propertyPath: m_AnchorMax.y
      value: 0
      objectReference: {fileID: 0}
    - target: {fileID: 2161582987076721825, guid: 4631d13443574ce4594064f3c883b52b, type: 3}
      propertyPath: m_AnchorMin.x
      value: 0
      objectReference: {fileID: 0}
    - target: {fileID: 2161582987076721825, guid: 4631d13443574ce4594064f3c883b52b, type: 3}
      propertyPath: m_AnchorMin.y
      value: 0
      objectReference: {fileID: 0}
    - target: {fileID: 2161582987076721825, guid: 4631d13443574ce4594064f3c883b52b, type: 3}
      propertyPath: m_SizeDelta.x
      value: 0
      objectReference: {fileID: 0}
    - target: {fileID: 2161582987076721825, guid: 4631d13443574ce4594064f3c883b52b, type: 3}
      propertyPath: m_SizeDelta.y
      value: 0
      objectReference: {fileID: 0}
    - target: {fileID: 2161582987076721825, guid: 4631d13443574ce4594064f3c883b52b, type: 3}
      propertyPath: m_LocalPosition.x
      value: 0
      objectReference: {fileID: 0}
    - target: {fileID: 2161582987076721825, guid: 4631d13443574ce4594064f3c883b52b, type: 3}
      propertyPath: m_LocalPosition.y
      value: 0
      objectReference: {fileID: 0}
    - target: {fileID: 2161582987076721825, guid: 4631d13443574ce4594064f3c883b52b, type: 3}
      propertyPath: m_LocalPosition.z
      value: 0
      objectReference: {fileID: 0}
    - target: {fileID: 2161582987076721825, guid: 4631d13443574ce4594064f3c883b52b, type: 3}
      propertyPath: m_LocalRotation.w
      value: 1
      objectReference: {fileID: 0}
    - target: {fileID: 2161582987076721825, guid: 4631d13443574ce4594064f3c883b52b, type: 3}
      propertyPath: m_LocalRotation.x
      value: 0
      objectReference: {fileID: 0}
    - target: {fileID: 2161582987076721825, guid: 4631d13443574ce4594064f3c883b52b, type: 3}
      propertyPath: m_LocalRotation.y
      value: 0
      objectReference: {fileID: 0}
    - target: {fileID: 2161582987076721825, guid: 4631d13443574ce4594064f3c883b52b, type: 3}
      propertyPath: m_LocalRotation.z
      value: 0
      objectReference: {fileID: 0}
    - target: {fileID: 2161582987076721825, guid: 4631d13443574ce4594064f3c883b52b, type: 3}
      propertyPath: m_AnchoredPosition.x
      value: 0
      objectReference: {fileID: 0}
    - target: {fileID: 2161582987076721825, guid: 4631d13443574ce4594064f3c883b52b, type: 3}
      propertyPath: m_AnchoredPosition.y
      value: 0
      objectReference: {fileID: 0}
    - target: {fileID: 2161582987076721825, guid: 4631d13443574ce4594064f3c883b52b, type: 3}
      propertyPath: m_LocalEulerAnglesHint.x
      value: 0
      objectReference: {fileID: 0}
    - target: {fileID: 2161582987076721825, guid: 4631d13443574ce4594064f3c883b52b, type: 3}
      propertyPath: m_LocalEulerAnglesHint.y
      value: 0
      objectReference: {fileID: 0}
    - target: {fileID: 2161582987076721825, guid: 4631d13443574ce4594064f3c883b52b, type: 3}
      propertyPath: m_LocalEulerAnglesHint.z
      value: 0
      objectReference: {fileID: 0}
    - target: {fileID: 2161582987076721826, guid: 4631d13443574ce4594064f3c883b52b, type: 3}
      propertyPath: m_Name
      value: Reset To Defaults
      objectReference: {fileID: 0}
    - target: {fileID: 4115802854018877441, guid: 4631d13443574ce4594064f3c883b52b, type: 3}
      propertyPath: m_AnchorMax.y
      value: 0
      objectReference: {fileID: 0}
    - target: {fileID: 4115802854018877441, guid: 4631d13443574ce4594064f3c883b52b, type: 3}
      propertyPath: m_AnchorMin.y
      value: 0
      objectReference: {fileID: 0}
    - target: {fileID: 4115802854018877441, guid: 4631d13443574ce4594064f3c883b52b, type: 3}
      propertyPath: m_AnchoredPosition.x
      value: 0
      objectReference: {fileID: 0}
    - target: {fileID: 4115802854018877441, guid: 4631d13443574ce4594064f3c883b52b, type: 3}
      propertyPath: m_AnchoredPosition.y
      value: 0
      objectReference: {fileID: 0}
    m_RemovedComponents: []
  m_SourcePrefab: {fileID: 100100000, guid: 4631d13443574ce4594064f3c883b52b, type: 3}
--- !u!224 &5590998607891892039 stripped
RectTransform:
  m_CorrespondingSourceObject: {fileID: 2161582987076721825, guid: 4631d13443574ce4594064f3c883b52b, type: 3}
  m_PrefabInstance: {fileID: 5793964323410140134}
  m_PrefabAsset: {fileID: 0}
--- !u!1001 &6440101651666951556
PrefabInstance:
  m_ObjectHideFlags: 0
  serializedVersion: 2
  m_Modification:
    m_TransformParent: {fileID: 4945139389298676303}
    m_Modifications:
    - target: {fileID: 2161582986276662090, guid: 4631d13443574ce4594064f3c883b52b, type: 3}
      propertyPath: m_AnchorMax.y
      value: 0
      objectReference: {fileID: 0}
    - target: {fileID: 2161582986276662090, guid: 4631d13443574ce4594064f3c883b52b, type: 3}
      propertyPath: m_AnchorMin.y
      value: 0
      objectReference: {fileID: 0}
    - target: {fileID: 2161582986276662090, guid: 4631d13443574ce4594064f3c883b52b, type: 3}
      propertyPath: m_AnchoredPosition.x
      value: 0
      objectReference: {fileID: 0}
    - target: {fileID: 2161582986276662090, guid: 4631d13443574ce4594064f3c883b52b, type: 3}
      propertyPath: m_AnchoredPosition.y
      value: 0
      objectReference: {fileID: 0}
    - target: {fileID: 2161582986663071815, guid: 4631d13443574ce4594064f3c883b52b, type: 3}
      propertyPath: m_AnchorMax.y
      value: 0
      objectReference: {fileID: 0}
    - target: {fileID: 2161582986663071815, guid: 4631d13443574ce4594064f3c883b52b, type: 3}
      propertyPath: m_AnchorMin.y
      value: 0
      objectReference: {fileID: 0}
    - target: {fileID: 2161582986663071815, guid: 4631d13443574ce4594064f3c883b52b, type: 3}
      propertyPath: m_AnchoredPosition.x
      value: 0
      objectReference: {fileID: 0}
    - target: {fileID: 2161582986663071815, guid: 4631d13443574ce4594064f3c883b52b, type: 3}
      propertyPath: m_AnchoredPosition.y
      value: 0
      objectReference: {fileID: 0}
    - target: {fileID: 2161582987076721825, guid: 4631d13443574ce4594064f3c883b52b, type: 3}
      propertyPath: m_Pivot.x
      value: 0.5
      objectReference: {fileID: 0}
    - target: {fileID: 2161582987076721825, guid: 4631d13443574ce4594064f3c883b52b, type: 3}
      propertyPath: m_Pivot.y
      value: 0.5
      objectReference: {fileID: 0}
    - target: {fileID: 2161582987076721825, guid: 4631d13443574ce4594064f3c883b52b, type: 3}
      propertyPath: m_RootOrder
      value: 0
      objectReference: {fileID: 0}
    - target: {fileID: 2161582987076721825, guid: 4631d13443574ce4594064f3c883b52b, type: 3}
      propertyPath: m_AnchorMax.x
      value: 0
      objectReference: {fileID: 0}
    - target: {fileID: 2161582987076721825, guid: 4631d13443574ce4594064f3c883b52b, type: 3}
      propertyPath: m_AnchorMax.y
      value: 0
      objectReference: {fileID: 0}
    - target: {fileID: 2161582987076721825, guid: 4631d13443574ce4594064f3c883b52b, type: 3}
      propertyPath: m_AnchorMin.x
      value: 0
      objectReference: {fileID: 0}
    - target: {fileID: 2161582987076721825, guid: 4631d13443574ce4594064f3c883b52b, type: 3}
      propertyPath: m_AnchorMin.y
      value: 0
      objectReference: {fileID: 0}
    - target: {fileID: 2161582987076721825, guid: 4631d13443574ce4594064f3c883b52b, type: 3}
      propertyPath: m_SizeDelta.x
      value: 0
      objectReference: {fileID: 0}
    - target: {fileID: 2161582987076721825, guid: 4631d13443574ce4594064f3c883b52b, type: 3}
      propertyPath: m_SizeDelta.y
      value: 0
      objectReference: {fileID: 0}
    - target: {fileID: 2161582987076721825, guid: 4631d13443574ce4594064f3c883b52b, type: 3}
      propertyPath: m_LocalPosition.x
      value: 0
      objectReference: {fileID: 0}
    - target: {fileID: 2161582987076721825, guid: 4631d13443574ce4594064f3c883b52b, type: 3}
      propertyPath: m_LocalPosition.y
      value: 0
      objectReference: {fileID: 0}
    - target: {fileID: 2161582987076721825, guid: 4631d13443574ce4594064f3c883b52b, type: 3}
      propertyPath: m_LocalPosition.z
      value: 0
      objectReference: {fileID: 0}
    - target: {fileID: 2161582987076721825, guid: 4631d13443574ce4594064f3c883b52b, type: 3}
      propertyPath: m_LocalRotation.w
      value: 1
      objectReference: {fileID: 0}
    - target: {fileID: 2161582987076721825, guid: 4631d13443574ce4594064f3c883b52b, type: 3}
      propertyPath: m_LocalRotation.x
      value: 0
      objectReference: {fileID: 0}
    - target: {fileID: 2161582987076721825, guid: 4631d13443574ce4594064f3c883b52b, type: 3}
      propertyPath: m_LocalRotation.y
      value: 0
      objectReference: {fileID: 0}
    - target: {fileID: 2161582987076721825, guid: 4631d13443574ce4594064f3c883b52b, type: 3}
      propertyPath: m_LocalRotation.z
      value: 0
      objectReference: {fileID: 0}
    - target: {fileID: 2161582987076721825, guid: 4631d13443574ce4594064f3c883b52b, type: 3}
      propertyPath: m_AnchoredPosition.x
      value: 0
      objectReference: {fileID: 0}
    - target: {fileID: 2161582987076721825, guid: 4631d13443574ce4594064f3c883b52b, type: 3}
      propertyPath: m_AnchoredPosition.y
      value: 0
      objectReference: {fileID: 0}
    - target: {fileID: 2161582987076721825, guid: 4631d13443574ce4594064f3c883b52b, type: 3}
      propertyPath: m_LocalEulerAnglesHint.x
      value: 0
      objectReference: {fileID: 0}
    - target: {fileID: 2161582987076721825, guid: 4631d13443574ce4594064f3c883b52b, type: 3}
      propertyPath: m_LocalEulerAnglesHint.y
      value: 0
      objectReference: {fileID: 0}
    - target: {fileID: 2161582987076721825, guid: 4631d13443574ce4594064f3c883b52b, type: 3}
      propertyPath: m_LocalEulerAnglesHint.z
      value: 0
      objectReference: {fileID: 0}
    - target: {fileID: 2161582987076721826, guid: 4631d13443574ce4594064f3c883b52b, type: 3}
      propertyPath: m_Name
      value: Navigate
      objectReference: {fileID: 0}
    m_RemovedComponents: []
  m_SourcePrefab: {fileID: 100100000, guid: 4631d13443574ce4594064f3c883b52b, type: 3}
--- !u!224 &4945139389169631525 stripped
RectTransform:
  m_CorrespondingSourceObject: {fileID: 2161582987076721825, guid: 4631d13443574ce4594064f3c883b52b, type: 3}
  m_PrefabInstance: {fileID: 6440101651666951556}
  m_PrefabAsset: {fileID: 0}
--- !u!1001 &7868537360003906918
PrefabInstance:
  m_ObjectHideFlags: 0
  serializedVersion: 2
  m_Modification:
    m_TransformParent: {fileID: 4945139389298676303}
    m_Modifications:
    - target: {fileID: 2161582986276662090, guid: 4631d13443574ce4594064f3c883b52b, type: 3}
      propertyPath: m_AnchorMax.y
      value: 0
      objectReference: {fileID: 0}
    - target: {fileID: 2161582986276662090, guid: 4631d13443574ce4594064f3c883b52b, type: 3}
      propertyPath: m_AnchorMin.y
      value: 0
      objectReference: {fileID: 0}
    - target: {fileID: 2161582986276662090, guid: 4631d13443574ce4594064f3c883b52b, type: 3}
      propertyPath: m_AnchoredPosition.x
      value: 0
      objectReference: {fileID: 0}
    - target: {fileID: 2161582986276662090, guid: 4631d13443574ce4594064f3c883b52b, type: 3}
      propertyPath: m_AnchoredPosition.y
      value: 0
      objectReference: {fileID: 0}
    - target: {fileID: 2161582986663071814, guid: 4631d13443574ce4594064f3c883b52b, type: 3}
      propertyPath: m_text
      value: 'Back

'
      objectReference: {fileID: 0}
    - target: {fileID: 2161582986663071815, guid: 4631d13443574ce4594064f3c883b52b, type: 3}
      propertyPath: m_AnchorMax.y
      value: 0
      objectReference: {fileID: 0}
    - target: {fileID: 2161582986663071815, guid: 4631d13443574ce4594064f3c883b52b, type: 3}
      propertyPath: m_AnchorMin.y
      value: 0
      objectReference: {fileID: 0}
    - target: {fileID: 2161582986663071815, guid: 4631d13443574ce4594064f3c883b52b, type: 3}
      propertyPath: m_AnchoredPosition.x
      value: 0
      objectReference: {fileID: 0}
    - target: {fileID: 2161582986663071815, guid: 4631d13443574ce4594064f3c883b52b, type: 3}
      propertyPath: m_AnchoredPosition.y
      value: 0
      objectReference: {fileID: 0}
    - target: {fileID: 2161582987076721825, guid: 4631d13443574ce4594064f3c883b52b, type: 3}
      propertyPath: m_Pivot.x
      value: 0.5
      objectReference: {fileID: 0}
    - target: {fileID: 2161582987076721825, guid: 4631d13443574ce4594064f3c883b52b, type: 3}
      propertyPath: m_Pivot.y
      value: 0.5
      objectReference: {fileID: 0}
    - target: {fileID: 2161582987076721825, guid: 4631d13443574ce4594064f3c883b52b, type: 3}
      propertyPath: m_RootOrder
      value: 4
      objectReference: {fileID: 0}
    - target: {fileID: 2161582987076721825, guid: 4631d13443574ce4594064f3c883b52b, type: 3}
      propertyPath: m_AnchorMax.x
      value: 0
      objectReference: {fileID: 0}
    - target: {fileID: 2161582987076721825, guid: 4631d13443574ce4594064f3c883b52b, type: 3}
      propertyPath: m_AnchorMax.y
      value: 0
      objectReference: {fileID: 0}
    - target: {fileID: 2161582987076721825, guid: 4631d13443574ce4594064f3c883b52b, type: 3}
      propertyPath: m_AnchorMin.x
      value: 0
      objectReference: {fileID: 0}
    - target: {fileID: 2161582987076721825, guid: 4631d13443574ce4594064f3c883b52b, type: 3}
      propertyPath: m_AnchorMin.y
      value: 0
      objectReference: {fileID: 0}
    - target: {fileID: 2161582987076721825, guid: 4631d13443574ce4594064f3c883b52b, type: 3}
      propertyPath: m_SizeDelta.x
      value: 0
      objectReference: {fileID: 0}
    - target: {fileID: 2161582987076721825, guid: 4631d13443574ce4594064f3c883b52b, type: 3}
      propertyPath: m_SizeDelta.y
      value: 0
      objectReference: {fileID: 0}
    - target: {fileID: 2161582987076721825, guid: 4631d13443574ce4594064f3c883b52b, type: 3}
      propertyPath: m_LocalPosition.x
      value: 0
      objectReference: {fileID: 0}
    - target: {fileID: 2161582987076721825, guid: 4631d13443574ce4594064f3c883b52b, type: 3}
      propertyPath: m_LocalPosition.y
      value: 0
      objectReference: {fileID: 0}
    - target: {fileID: 2161582987076721825, guid: 4631d13443574ce4594064f3c883b52b, type: 3}
      propertyPath: m_LocalPosition.z
      value: 0
      objectReference: {fileID: 0}
    - target: {fileID: 2161582987076721825, guid: 4631d13443574ce4594064f3c883b52b, type: 3}
      propertyPath: m_LocalRotation.w
      value: 1
      objectReference: {fileID: 0}
    - target: {fileID: 2161582987076721825, guid: 4631d13443574ce4594064f3c883b52b, type: 3}
      propertyPath: m_LocalRotation.x
      value: 0
      objectReference: {fileID: 0}
    - target: {fileID: 2161582987076721825, guid: 4631d13443574ce4594064f3c883b52b, type: 3}
      propertyPath: m_LocalRotation.y
      value: 0
      objectReference: {fileID: 0}
    - target: {fileID: 2161582987076721825, guid: 4631d13443574ce4594064f3c883b52b, type: 3}
      propertyPath: m_LocalRotation.z
      value: 0
      objectReference: {fileID: 0}
    - target: {fileID: 2161582987076721825, guid: 4631d13443574ce4594064f3c883b52b, type: 3}
      propertyPath: m_AnchoredPosition.x
      value: 0
      objectReference: {fileID: 0}
    - target: {fileID: 2161582987076721825, guid: 4631d13443574ce4594064f3c883b52b, type: 3}
      propertyPath: m_AnchoredPosition.y
      value: 0
      objectReference: {fileID: 0}
    - target: {fileID: 2161582987076721825, guid: 4631d13443574ce4594064f3c883b52b, type: 3}
      propertyPath: m_LocalEulerAnglesHint.x
      value: 0
      objectReference: {fileID: 0}
    - target: {fileID: 2161582987076721825, guid: 4631d13443574ce4594064f3c883b52b, type: 3}
      propertyPath: m_LocalEulerAnglesHint.y
      value: 0
      objectReference: {fileID: 0}
    - target: {fileID: 2161582987076721825, guid: 4631d13443574ce4594064f3c883b52b, type: 3}
      propertyPath: m_LocalEulerAnglesHint.z
      value: 0
      objectReference: {fileID: 0}
    - target: {fileID: 2161582987076721826, guid: 4631d13443574ce4594064f3c883b52b, type: 3}
      propertyPath: m_Name
      value: Cancel/Back
      objectReference: {fileID: 0}
    - target: {fileID: 4115802854018877441, guid: 4631d13443574ce4594064f3c883b52b, type: 3}
      propertyPath: m_AnchorMax.y
      value: 0
      objectReference: {fileID: 0}
    - target: {fileID: 4115802854018877441, guid: 4631d13443574ce4594064f3c883b52b, type: 3}
      propertyPath: m_AnchorMin.y
      value: 0
      objectReference: {fileID: 0}
    - target: {fileID: 4115802854018877441, guid: 4631d13443574ce4594064f3c883b52b, type: 3}
      propertyPath: m_AnchoredPosition.x
      value: 0
      objectReference: {fileID: 0}
    - target: {fileID: 4115802854018877441, guid: 4631d13443574ce4594064f3c883b52b, type: 3}
      propertyPath: m_AnchoredPosition.y
      value: 0
      objectReference: {fileID: 0}
    m_RemovedComponents: []
  m_SourcePrefab: {fileID: 100100000, guid: 4631d13443574ce4594064f3c883b52b, type: 3}
--- !u!224 &8128387425233822151 stripped
RectTransform:
  m_CorrespondingSourceObject: {fileID: 2161582987076721825, guid: 4631d13443574ce4594064f3c883b52b, type: 3}
  m_PrefabInstance: {fileID: 7868537360003906918}
  m_PrefabAsset: {fileID: 0}
