%YAML 1.1
%TAG !u! tag:unity3d.com,2011:
--- !u!1 &4951490933518853896
GameObject:
  m_ObjectHideFlags: 0
  m_CorrespondingSourceObject: {fileID: 0}
  m_PrefabInstance: {fileID: 0}
  m_PrefabAsset: {fileID: 0}
  serializedVersion: 6
  m_Component:
  - component: {fileID: 5491543290562996430}
  m_Layer: 0
  m_Name: Bay_Prefab
  m_TagString: Untagged
  m_Icon: {fileID: 0}
  m_NavMeshLayer: 0
  m_StaticEditorFlags: 0
  m_IsActive: 1
--- !u!4 &5491543290562996430
Transform:
  m_ObjectHideFlags: 0
  m_CorrespondingSourceObject: {fileID: 0}
  m_PrefabInstance: {fileID: 0}
  m_PrefabAsset: {fileID: 0}
  m_GameObject: {fileID: 4951490933518853896}
  m_LocalRotation: {x: 0, y: 0, z: 0, w: 1}
  m_LocalPosition: {x: 0, y: 0, z: 0}
  m_LocalScale: {x: 1, y: 1, z: 1}
  m_Children:
  - {fileID: 8701160078066114253}
  - {fileID: 7128617437827739940}
  - {fileID: 3471420611511259518}
  m_Father: {fileID: 0}
  m_RootOrder: 0
  m_LocalEulerAnglesHint: {x: 0, y: 0, z: 0}
--- !u!1001 &4009980316505896597
PrefabInstance:
  m_ObjectHideFlags: 0
  serializedVersion: 2
  m_Modification:
    m_TransformParent: {fileID: 5491543290562996430}
    m_Modifications:
    - target: {fileID: -8679921383154817045, guid: 9789302f29a6b984595452b24fa66564, type: 3}
      propertyPath: m_RootOrder
      value: 2
      objectReference: {fileID: 0}
    - target: {fileID: -8679921383154817045, guid: 9789302f29a6b984595452b24fa66564, type: 3}
      propertyPath: m_LocalScale.x
      value: 1
      objectReference: {fileID: 0}
    - target: {fileID: -8679921383154817045, guid: 9789302f29a6b984595452b24fa66564, type: 3}
      propertyPath: m_LocalScale.y
      value: 1
      objectReference: {fileID: 0}
    - target: {fileID: -8679921383154817045, guid: 9789302f29a6b984595452b24fa66564, type: 3}
      propertyPath: m_LocalScale.z
      value: 1
      objectReference: {fileID: 0}
    - target: {fileID: -8679921383154817045, guid: 9789302f29a6b984595452b24fa66564, type: 3}
      propertyPath: m_LocalPosition.x
      value: 0
      objectReference: {fileID: 0}
    - target: {fileID: -8679921383154817045, guid: 9789302f29a6b984595452b24fa66564, type: 3}
      propertyPath: m_LocalPosition.y
      value: 0
      objectReference: {fileID: 0}
    - target: {fileID: -8679921383154817045, guid: 9789302f29a6b984595452b24fa66564, type: 3}
      propertyPath: m_LocalPosition.z
      value: 0
      objectReference: {fileID: 0}
    - target: {fileID: -8679921383154817045, guid: 9789302f29a6b984595452b24fa66564, type: 3}
      propertyPath: m_LocalRotation.w
      value: 1
      objectReference: {fileID: 0}
    - target: {fileID: -8679921383154817045, guid: 9789302f29a6b984595452b24fa66564, type: 3}
      propertyPath: m_LocalRotation.x
      value: 0
      objectReference: {fileID: 0}
    - target: {fileID: -8679921383154817045, guid: 9789302f29a6b984595452b24fa66564, type: 3}
      propertyPath: m_LocalRotation.y
      value: 0
      objectReference: {fileID: 0}
    - target: {fileID: -8679921383154817045, guid: 9789302f29a6b984595452b24fa66564, type: 3}
      propertyPath: m_LocalRotation.z
      value: 0
      objectReference: {fileID: 0}
    - target: {fileID: -8679921383154817045, guid: 9789302f29a6b984595452b24fa66564, type: 3}
      propertyPath: m_LocalEulerAnglesHint.x
      value: 0
      objectReference: {fileID: 0}
    - target: {fileID: -8679921383154817045, guid: 9789302f29a6b984595452b24fa66564, type: 3}
      propertyPath: m_LocalEulerAnglesHint.y
      value: 0
      objectReference: {fileID: 0}
    - target: {fileID: -8679921383154817045, guid: 9789302f29a6b984595452b24fa66564, type: 3}
      propertyPath: m_LocalEulerAnglesHint.z
      value: 0
      objectReference: {fileID: 0}
    - target: {fileID: -7635826562936255635, guid: 9789302f29a6b984595452b24fa66564, type: 3}
      propertyPath: m_Materials.Array.data[0]
      value: 
      objectReference: {fileID: 2100000, guid: 76a2993cbf6888045a840acca2cf4248, type: 2}
    - target: {fileID: 919132149155446097, guid: 9789302f29a6b984595452b24fa66564, type: 3}
      propertyPath: m_Name
      value: BayFrame2
      objectReference: {fileID: 0}
    m_RemovedComponents: []
  m_SourcePrefab: {fileID: 100100000, guid: 9789302f29a6b984595452b24fa66564, type: 3}
--- !u!4 &3471420611511259518 stripped
Transform:
  m_CorrespondingSourceObject: {fileID: -8679921383154817045, guid: 9789302f29a6b984595452b24fa66564, type: 3}
  m_PrefabInstance: {fileID: 4009980316505896597}
  m_PrefabAsset: {fileID: 0}
--- !u!1001 &7306904264811337423
PrefabInstance:
  m_ObjectHideFlags: 0
  serializedVersion: 2
  m_Modification:
    m_TransformParent: {fileID: 5491543290562996430}
    m_Modifications:
    - target: {fileID: -8679921383154817045, guid: 589716d07d4889b4798bd48a0027b7ad, type: 3}
      propertyPath: m_RootOrder
      value: 1
      objectReference: {fileID: 0}
    - target: {fileID: -8679921383154817045, guid: 589716d07d4889b4798bd48a0027b7ad, type: 3}
      propertyPath: m_LocalScale.x
      value: 1
      objectReference: {fileID: 0}
    - target: {fileID: -8679921383154817045, guid: 589716d07d4889b4798bd48a0027b7ad, type: 3}
      propertyPath: m_LocalScale.y
      value: 1
      objectReference: {fileID: 0}
    - target: {fileID: -8679921383154817045, guid: 589716d07d4889b4798bd48a0027b7ad, type: 3}
      propertyPath: m_LocalScale.z
      value: 1
      objectReference: {fileID: 0}
    - target: {fileID: -8679921383154817045, guid: 589716d07d4889b4798bd48a0027b7ad, type: 3}
      propertyPath: m_LocalPosition.x
      value: 0
      objectReference: {fileID: 0}
    - target: {fileID: -8679921383154817045, guid: 589716d07d4889b4798bd48a0027b7ad, type: 3}
      propertyPath: m_LocalPosition.y
      value: 0
      objectReference: {fileID: 0}
    - target: {fileID: -8679921383154817045, guid: 589716d07d4889b4798bd48a0027b7ad, type: 3}
      propertyPath: m_LocalPosition.z
      value: 0
      objectReference: {fileID: 0}
    - target: {fileID: -8679921383154817045, guid: 589716d07d4889b4798bd48a0027b7ad, type: 3}
      propertyPath: m_LocalRotation.w
      value: 1
      objectReference: {fileID: 0}
    - target: {fileID: -8679921383154817045, guid: 589716d07d4889b4798bd48a0027b7ad, type: 3}
      propertyPath: m_LocalRotation.x
      value: 0
      objectReference: {fileID: 0}
    - target: {fileID: -8679921383154817045, guid: 589716d07d4889b4798bd48a0027b7ad, type: 3}
      propertyPath: m_LocalRotation.y
      value: 0
      objectReference: {fileID: 0}
    - target: {fileID: -8679921383154817045, guid: 589716d07d4889b4798bd48a0027b7ad, type: 3}
      propertyPath: m_LocalRotation.z
      value: 0
      objectReference: {fileID: 0}
    - target: {fileID: -8679921383154817045, guid: 589716d07d4889b4798bd48a0027b7ad, type: 3}
      propertyPath: m_LocalEulerAnglesHint.x
      value: 0
      objectReference: {fileID: 0}
    - target: {fileID: -8679921383154817045, guid: 589716d07d4889b4798bd48a0027b7ad, type: 3}
      propertyPath: m_LocalEulerAnglesHint.y
      value: 0
      objectReference: {fileID: 0}
    - target: {fileID: -8679921383154817045, guid: 589716d07d4889b4798bd48a0027b7ad, type: 3}
      propertyPath: m_LocalEulerAnglesHint.z
      value: 0
      objectReference: {fileID: 0}
    - target: {fileID: -7635826562936255635, guid: 589716d07d4889b4798bd48a0027b7ad, type: 3}
      propertyPath: m_Materials.Array.data[0]
      value: 
      objectReference: {fileID: 2100000, guid: d19eb7b0a5d680d4da677e596369dde1, type: 2}
    - target: {fileID: 919132149155446097, guid: 589716d07d4889b4798bd48a0027b7ad, type: 3}
      propertyPath: m_Name
      value: BayGlass2
      objectReference: {fileID: 0}
    m_RemovedComponents: []
  m_SourcePrefab: {fileID: 100100000, guid: 589716d07d4889b4798bd48a0027b7ad, type: 3}
--- !u!4 &7128617437827739940 stripped
Transform:
  m_CorrespondingSourceObject: {fileID: -8679921383154817045, guid: 589716d07d4889b4798bd48a0027b7ad, type: 3}
  m_PrefabInstance: {fileID: 7306904264811337423}
  m_PrefabAsset: {fileID: 0}
--- !u!1001 &9172147443617085734
PrefabInstance:
  m_ObjectHideFlags: 0
  serializedVersion: 2
  m_Modification:
    m_TransformParent: {fileID: 5491543290562996430}
    m_Modifications:
    - target: {fileID: -8679921383154817045, guid: faa99cc073e260944a8bf67008a8be79, type: 3}
      propertyPath: m_RootOrder
      value: 0
      objectReference: {fileID: 0}
    - target: {fileID: -8679921383154817045, guid: faa99cc073e260944a8bf67008a8be79, type: 3}
      propertyPath: m_LocalPosition.x
      value: 0
      objectReference: {fileID: 0}
    - target: {fileID: -8679921383154817045, guid: faa99cc073e260944a8bf67008a8be79, type: 3}
      propertyPath: m_LocalPosition.y
      value: 0
      objectReference: {fileID: 0}
    - target: {fileID: -8679921383154817045, guid: faa99cc073e260944a8bf67008a8be79, type: 3}
      propertyPath: m_LocalPosition.z
      value: 0
      objectReference: {fileID: 0}
    - target: {fileID: -8679921383154817045, guid: faa99cc073e260944a8bf67008a8be79, type: 3}
      propertyPath: m_LocalRotation.w
      value: 1
      objectReference: {fileID: 0}
    - target: {fileID: -8679921383154817045, guid: faa99cc073e260944a8bf67008a8be79, type: 3}
      propertyPath: m_LocalRotation.x
      value: -0
      objectReference: {fileID: 0}
    - target: {fileID: -8679921383154817045, guid: faa99cc073e260944a8bf67008a8be79, type: 3}
      propertyPath: m_LocalRotation.y
      value: -0
      objectReference: {fileID: 0}
    - target: {fileID: -8679921383154817045, guid: faa99cc073e260944a8bf67008a8be79, type: 3}
      propertyPath: m_LocalRotation.z
      value: -0
      objectReference: {fileID: 0}
    - target: {fileID: -8679921383154817045, guid: faa99cc073e260944a8bf67008a8be79, type: 3}
      propertyPath: m_LocalEulerAnglesHint.x
      value: 0
      objectReference: {fileID: 0}
    - target: {fileID: -8679921383154817045, guid: faa99cc073e260944a8bf67008a8be79, type: 3}
      propertyPath: m_LocalEulerAnglesHint.y
      value: 0
      objectReference: {fileID: 0}
    - target: {fileID: -8679921383154817045, guid: faa99cc073e260944a8bf67008a8be79, type: 3}
      propertyPath: m_LocalEulerAnglesHint.z
      value: 0
      objectReference: {fileID: 0}
    - target: {fileID: -7635826562936255635, guid: faa99cc073e260944a8bf67008a8be79, type: 3}
      propertyPath: m_Materials.Array.data[0]
      value: 
      objectReference: {fileID: 2100000, guid: ff44fbbf59366e64bbf21a661b7f48d5, type: 2}
    - target: {fileID: 919132149155446097, guid: faa99cc073e260944a8bf67008a8be79, type: 3}
      propertyPath: m_Name
      value: BayBeams
      objectReference: {fileID: 0}
    m_RemovedComponents: []
  m_SourcePrefab: {fileID: 100100000, guid: faa99cc073e260944a8bf67008a8be79, type: 3}
--- !u!4 &8701160078066114253 stripped
Transform:
  m_CorrespondingSourceObject: {fileID: -8679921383154817045, guid: faa99cc073e260944a8bf67008a8be79, type: 3}
  m_PrefabInstance: {fileID: 9172147443617085734}
  m_PrefabAsset: {fileID: 0}
